{
    "symbol": "BKR",
    "annualReports": [
        {
            "fiscalDateEnding": "2022-12-31",
            "reportedCurrency": "USD",
            "grossProfit": "17008000000",
            "totalRevenue": "20453000000",
            "costOfRevenue": "3445000000",
            "costofGoodsAndServicesSold": "31000000",
            "operatingIncome": "1185000000",
            "sellingGeneralAndAdministrative": "2510000000",
            "researchAndDevelopment": "556000000",
            "operatingExpenses": "23001000000",
            "investmentIncomeNet": "None",
            "netInterestIncome": "-252000000",
            "interestIncome": "None",
            "interestExpense": "252000000",
            "nonInterestIncome": "20705000000",
            "otherNonOperatingIncome": "-911000000",
            "depreciation": "839000000",
            "depreciationAndAmortization": "222000000",
            "incomeBeforeTax": "-1000000",
            "incomeTaxExpense": "600000000",
            "interestAndDebtExpense": "None",
            "netIncomeFromContinuingOperations": "-578000000",
            "comprehensiveIncomeNetOfTax": "-879000000",
            "ebit": "1185000000",
            "ebitda": "1407000000",
            "netIncome": "-601000000"
        },
        {
            "fiscalDateEnding": "2021-12-31",
            "reportedCurrency": "USD",
            "grossProfit": "17335000000",
            "totalRevenue": "20203000000",
            "costOfRevenue": "2868000000",
            "costofGoodsAndServicesSold": "16453000000",
            "operatingIncome": "1310000000",
            "sellingGeneralAndAdministrative": "2470000000",
            "researchAndDevelopment": "492000000",
            "operatingExpenses": "21734000000",
            "investmentIncomeNet": "None",
            "netInterestIncome": "-299000000",
            "interestIncome": "None",
            "interestExpense": "299000000",
            "nonInterestIncome": "20502000000",
            "otherNonOperatingIncome": "-583000000",
            "depreciation": "852000000",
            "depreciationAndAmortization": "253000000",
            "incomeBeforeTax": "539000000",
            "incomeTaxExpense": "758000000",
            "interestAndDebtExpense": "None",
            "netIncomeFromContinuingOperations": "-330000000",
            "comprehensiveIncomeNetOfTax": "-354000000",
            "ebit": "1310000000",
            "ebitda": "1563000000",
            "netIncome": "-219000000"
        },
        {
            "fiscalDateEnding": "2020-12-31",
            "reportedCurrency": "USD",
            "grossProfit": "130000000",
            "totalRevenue": "20088000000",
            "costOfRevenue": "19958000000",
            "costofGoodsAndServicesSold": "246000000",
            "operatingIncome": "-15978000000",
            "sellingGeneralAndAdministrative": "2404000000",
            "researchAndDevelopment": "595000000",
            "operatingExpenses": "39506000000",
            "investmentIncomeNet": "None",
            "netInterestIncome": "-264000000",
            "interestIncome": "264000000",
            "interestExpense": "264000000",
            "nonInterestIncome": "20352000000",
            "otherNonOperatingIncome": "1040000000",
            "depreciation": "1009000000",
            "depreciationAndAmortization": "308000000",
            "incomeBeforeTax": "-9381000000",
            "incomeTaxExpense": "559000000",
            "interestAndDebtExpense": "None",
            "netIncomeFromContinuingOperations": "-15761000000",
            "comprehensiveIncomeNetOfTax": "-9897000000",
            "ebit": "-15978000000",
            "ebitda": "-15670000000",
            "netIncome": "-9940000000"
        },
        {
            "fiscalDateEnding": "2019-12-31",
            "reportedCurrency": "USD",
            "grossProfit": "4432000000",
            "totalRevenue": "23463000000",
            "costOfRevenue": "3539000000",
            "costofGoodsAndServicesSold": "19406000000",
            "operatingIncome": "1074000000",
            "sellingGeneralAndAdministrative": "2832000000",
            "researchAndDevelopment": "687000000",
            "operatingExpenses": "4412000000",
            "investmentIncomeNet": "None",
            "netInterestIncome": "-237000000",
            "interestIncome": "235000000",
            "interestExpense": "237000000",
            "nonInterestIncome": "23700000000",
            "otherNonOperatingIncome": "-84000000",
            "depreciation": "1053000000",
            "depreciationAndAmortization": "365000000",
            "incomeBeforeTax": "610000000",
            "incomeTaxExpense": "482000000",
            "interestAndDebtExpense": "None",
            "netIncomeFromContinuingOperations": "271000000",
            "comprehensiveIncomeNetOfTax": "121000000",
            "ebit": "1074000000",
            "ebitda": "1439000000",
            "netIncome": "128000000"
        },
        {
            "fiscalDateEnding": "2018-12-31",
            "reportedCurrency": "USD",
            "grossProfit": "3986000000",
            "totalRevenue": "22825000000",
            "costOfRevenue": "3692000000",
            "costofGoodsAndServicesSold": "105000000",
            "operatingIncome": "701000000",
            "sellingGeneralAndAdministrative": "2699000000",
            "researchAndDevelopment": "700000000",
            "operatingExpenses": "4163000000",
            "investmentIncomeNet": "None",
            "netInterestIncome": "-223000000",
            "interestIncome": "362000000",
            "interestExpense": "223000000",
            "nonInterestIncome": "23048000000",
            "otherNonOperatingIncome": "202000000",
            "depreciation": "1031000000",
            "depreciationAndAmortization": "455000000",
            "incomeBeforeTax": "453000000",
            "incomeTaxExpense": "258000000",
            "interestAndDebtExpense": "None",
            "netIncomeFromContinuingOperations": "283000000",
            "comprehensiveIncomeNetOfTax": "-35000000",
            "ebit": "701000000",
            "ebitda": "1156000000",
            "netIncome": "195000000"
        }
    ],
    "quarterlyReports": [
        {
            "fiscalDateEnding": "2022-12-31",
            "reportedCurrency": "USD",
            "grossProfit": "4658000000",
            "totalRevenue": "5390000000",
            "costOfRevenue": "732000000",
            "costofGoodsAndServicesSold": "0",
            "operatingIncome": "663000000",
            "sellingGeneralAndAdministrative": "645000000",
            "researchAndDevelopment": "None",
            "operatingExpenses": "20319000000",
            "investmentIncomeNet": "None",
            "netInterestIncome": "-64000000",
            "interestIncome": "None",
            "interestExpense": "64000000",
            "nonInterestIncome": "5454000000",
            "otherNonOperatingIncome": "-254000000",
            "depreciation": "None",
            "depreciationAndAmortization": "58000000",
            "incomeBeforeTax": "339000000",
            "incomeTaxExpense": "157000000",
            "interestAndDebtExpense": "None",
            "netIncomeFromContinuingOperations": "188000000",
            "comprehensiveIncomeNetOfTax": "368000000",
            "ebit": "663000000",
            "ebitda": "721000000",
            "netIncome": "182000000"
        },
        {
            "fiscalDateEnding": "2022-09-30",
            "reportedCurrency": "USD",
            "grossProfit": "4400000000",
            "totalRevenue": "5304000000",
            "costOfRevenue": "904000000",
            "costofGoodsAndServicesSold": "0",
            "operatingIncome": "269000000",
            "sellingGeneralAndAdministrative": "620000000",
            "researchAndDevelopment": "None",
            "operatingExpenses": "904000000",
            "investmentIncomeNet": "None",
            "netInterestIncome": "-65000000",
            "interestIncome": "None",
            "interestExpense": "65000000",
            "nonInterestIncome": "5369000000",
            "otherNonOperatingIncome": "-60000000",
            "depreciation": "None",
            "depreciationAndAmortization": "54000000",
            "incomeBeforeTax": "136000000",
            "incomeTaxExpense": "153000000",
            "interestAndDebtExpense": "None",
            "netIncomeFromContinuingOperations": "-9000000",
            "comprehensiveIncomeNetOfTax": "-363000000",
            "ebit": "269000000",
            "ebitda": "323000000",
            "netIncome": "-17000000"
        },
        {
            "fiscalDateEnding": "2022-06-30",
            "reportedCurrency": "USD",
            "grossProfit": "3946000000",
            "totalRevenue": "4987000000",
            "costOfRevenue": "1041000000",
            "costofGoodsAndServicesSold": "4077000000",
            "operatingIncome": "-25000000",
            "sellingGeneralAndAdministrative": "624000000",
            "researchAndDevelopment": "None",
            "operatingExpenses": "1041000000",
            "investmentIncomeNet": "None",
            "netInterestIncome": "-60000000",
            "interestIncome": "None",
            "interestExpense": "60000000",
            "nonInterestIncome": "5047000000",
            "otherNonOperatingIncome": "-570000000",
            "depreciation": "None",
            "depreciationAndAmortization": "55000000",
            "incomeBeforeTax": "-657000000",
            "incomeTaxExpense": "182000000",
            "interestAndDebtExpense": "None",
            "netIncomeFromContinuingOperations": "-837000000",
            "comprehensiveIncomeNetOfTax": "-983000000",
            "ebit": "-25000000",
            "ebitda": "30000000",
            "netIncome": "-839000000"
        },
        {
            "fiscalDateEnding": "2022-03-31",
            "reportedCurrency": "USD",
            "grossProfit": "4034000000",
            "totalRevenue": "4771000000",
            "costOfRevenue": "737000000",
            "costofGoodsAndServicesSold": "3865000000",
            "operatingIncome": "279000000",
            "sellingGeneralAndAdministrative": "621000000",
            "researchAndDevelopment": "None",
            "operatingExpenses": "737000000",
            "investmentIncomeNet": "None",
            "netInterestIncome": "-64000000",
            "interestIncome": "None",
            "interestExpense": "64000000",
            "nonInterestIncome": "4835000000",
            "otherNonOperatingIncome": "-28000000",
            "depreciation": "None",
            "depreciationAndAmortization": "55000000",
            "incomeBeforeTax": "179000000",
            "incomeTaxExpense": "107000000",
            "interestAndDebtExpense": "None",
            "netIncomeFromContinuingOperations": "80000000",
            "comprehensiveIncomeNetOfTax": "98000000",
            "ebit": "279000000",
            "ebitda": "334000000",
            "netIncome": "72000000"
        },
        {
            "fiscalDateEnding": "2021-12-31",
            "reportedCurrency": "USD",
            "grossProfit": "4717000000",
            "totalRevenue": "5391000000",
            "costOfRevenue": "674000000",
            "costofGoodsAndServicesSold": "4280000000",
            "operatingIncome": "574000000",
            "sellingGeneralAndAdministrative": "634000000",
            "researchAndDevelopment": "None",
            "operatingExpenses": "19540000000",
            "investmentIncomeNet": "None",
            "netInterestIncome": "-94000000",
            "interestIncome": "None",
            "interestExpense": "94000000",
            "nonInterestIncome": "5485000000",
            "otherNonOperatingIncome": "208000000",
            "depreciation": "None",
            "depreciationAndAmortization": "60000000",
            "incomeBeforeTax": "645000000",
            "incomeTaxExpense": "352000000",
            "interestAndDebtExpense": "None",
            "netIncomeFromContinuingOperations": "336000000",
            "comprehensiveIncomeNetOfTax": "148000000",
            "ebit": "574000000",
            "ebitda": "634000000",
            "netIncome": "293000000"
        },
        {
            "fiscalDateEnding": "2021-09-30",
            "reportedCurrency": "USD",
            "grossProfit": "4346000000",
            "totalRevenue": "5026000000",
            "costOfRevenue": "680000000",
            "costofGoodsAndServicesSold": "4083000000",
            "operatingIncome": "378000000",
            "sellingGeneralAndAdministrative": "607000000",
            "researchAndDevelopment": "None",
            "operatingExpenses": "680000000",
            "investmentIncomeNet": "None",
            "netInterestIncome": "-67000000",
            "interestIncome": "67000000",
            "interestExpense": "67000000",
            "nonInterestIncome": "5093000000",
            "otherNonOperatingIncome": "-102000000",
            "depreciation": "None",
            "depreciationAndAmortization": "59000000",
            "incomeBeforeTax": "201000000",
            "incomeTaxExpense": "193000000",
            "interestAndDebtExpense": "None",
            "netIncomeFromContinuingOperations": "16000000",
            "comprehensiveIncomeNetOfTax": "-103000000",
            "ebit": "378000000",
            "ebitda": "437000000",
            "netIncome": "8000000"
        },
        {
            "fiscalDateEnding": "2021-06-30",
            "reportedCurrency": "USD",
            "grossProfit": "4305000000",
            "totalRevenue": "5077000000",
            "costOfRevenue": "772000000",
            "costofGoodsAndServicesSold": "4166000000",
            "operatingIncome": "194000000",
            "sellingGeneralAndAdministrative": "642000000",
            "researchAndDevelopment": "None",
            "operatingExpenses": "772000000",
            "investmentIncomeNet": "None",
            "netInterestIncome": "-65000000",
            "interestIncome": "92000000",
            "interestExpense": "65000000",
            "nonInterestIncome": "5142000000",
            "otherNonOperatingIncome": "-63000000",
            "depreciation": "None",
            "depreciationAndAmortization": "65000000",
            "incomeBeforeTax": "75000000",
            "incomeTaxExpense": "143000000",
            "interestAndDebtExpense": "None",
            "netIncomeFromContinuingOperations": "-77000000",
            "comprehensiveIncomeNetOfTax": "85000000",
            "ebit": "194000000",
            "ebitda": "259000000",
            "netIncome": "-68000000"
        },
        {
            "fiscalDateEnding": "2021-03-31",
            "reportedCurrency": "USD",
            "grossProfit": "3987000000",
            "totalRevenue": "4708000000",
            "costOfRevenue": "721000000",
            "costofGoodsAndServicesSold": "3924000000",
            "operatingIncome": "164000000",
            "sellingGeneralAndAdministrative": "587000000",
            "researchAndDevelopment": "None",
            "operatingExpenses": "721000000",
            "investmentIncomeNet": "None",
            "netInterestIncome": "-74000000",
            "interestIncome": "74000000",
            "interestExpense": "74000000",
            "nonInterestIncome": "4782000000",
            "otherNonOperatingIncome": "-626000000",
            "depreciation": "None",
            "depreciationAndAmortization": "69000000",
            "incomeBeforeTax": "-383000000",
            "incomeTaxExpense": "69000000",
            "interestAndDebtExpense": "None",
            "netIncomeFromContinuingOperations": "-605000000",
            "comprehensiveIncomeNetOfTax": "-483000000",
            "ebit": "164000000",
            "ebitda": "233000000",
            "netIncome": "-452000000"
        },
        {
            "fiscalDateEnding": "2020-12-31",
            "reportedCurrency": "USD",
            "grossProfit": "4200000000",
            "totalRevenue": "5290000000",
            "costOfRevenue": "1090000000",
            "costofGoodsAndServicesSold": "28000000",
            "operatingIncome": "182000000",
            "sellingGeneralAndAdministrative": "574000000",
            "researchAndDevelopment": "None",
            "operatingExpenses": "20639000000",
            "investmentIncomeNet": "None",
            "netInterestIncome": "-69000000",
            "interestIncome": "69000000",
            "interestExpense": "69000000",
            "nonInterestIncome": "5359000000",
            "otherNonOperatingIncome": "1407000000",
            "depreciation": "None",
            "depreciationAndAmortization": "77000000",
            "incomeBeforeTax": "1221000000",
            "incomeTaxExpense": "569000000",
            "interestAndDebtExpense": "None",
            "netIncomeFromContinuingOperations": "951000000",
            "comprehensiveIncomeNetOfTax": "776000000",
            "ebit": "182000000",
            "ebitda": "259000000",
            "netIncome": "652000000"
        },
        {
            "fiscalDateEnding": "2020-09-30",
            "reportedCurrency": "USD",
            "grossProfit": "4110000000",
            "totalRevenue": "4983000000",
            "costOfRevenue": "873000000",
            "costofGoodsAndServicesSold": "42000000",
            "operatingIncome": "-49000000",
            "sellingGeneralAndAdministrative": "565000000",
            "researchAndDevelopment": "None",
            "operatingExpenses": "831000000",
            "investmentIncomeNet": "None",
            "netInterestIncome": "-66000000",
            "interestIncome": "66000000",
            "interestExpense": "66000000",
            "nonInterestIncome": "5049000000",
            "otherNonOperatingIncome": "-149000000",
            "depreciation": "None",
            "depreciationAndAmortization": "75000000",
            "incomeBeforeTax": "-164000000",
            "incomeTaxExpense": "6000000",
            "interestAndDebtExpense": "None",
            "netIncomeFromContinuingOperations": "-270000000",
            "comprehensiveIncomeNetOfTax": "-116000000",
            "ebit": "-49000000",
            "ebitda": "26000000",
            "netIncome": "-170000000"
        },
        {
            "fiscalDateEnding": "2020-06-30",
            "reportedCurrency": "USD",
            "grossProfit": "3946000000",
            "totalRevenue": "4667000000",
            "costOfRevenue": "721000000",
            "costofGoodsAndServicesSold": "16000000",
            "operatingIncome": "-52000000",
            "sellingGeneralAndAdministrative": "590000000",
            "researchAndDevelopment": "None",
            "operatingExpenses": "705000000",
            "investmentIncomeNet": "None",
            "netInterestIncome": "-69000000",
            "interestIncome": "129000000",
            "interestExpense": "69000000",
            "nonInterestIncome": "4736000000",
            "otherNonOperatingIncome": "-244000000",
            "depreciation": "None",
            "depreciationAndAmortization": "72000000",
            "incomeBeforeTax": "-216000000",
            "incomeTaxExpense": "-21000000",
            "interestAndDebtExpense": "None",
            "netIncomeFromContinuingOperations": "-355000000",
            "comprehensiveIncomeNetOfTax": "-162000000",
            "ebit": "-52000000",
            "ebitda": "20000000",
            "netIncome": "-195000000"
        },
        {
            "fiscalDateEnding": "2020-03-31",
            "reportedCurrency": "USD",
            "grossProfit": "-11704000000",
            "totalRevenue": "5366000000",
            "costOfRevenue": "17070000000",
            "costofGoodsAndServicesSold": "160000000",
            "operatingIncome": "-16059000000",
            "sellingGeneralAndAdministrative": "675000000",
            "researchAndDevelopment": "None",
            "operatingExpenses": "16910000000",
            "investmentIncomeNet": "None",
            "netInterestIncome": "-59000000",
            "interestIncome": "51000000",
            "interestExpense": "59000000",
            "nonInterestIncome": "5425000000",
            "otherNonOperatingIncome": "25000000",
            "depreciation": "None",
            "depreciationAndAmortization": "84000000",
            "incomeBeforeTax": "-10222000000",
            "incomeTaxExpense": "5000000",
            "interestAndDebtExpense": "None",
            "netIncomeFromContinuingOperations": "-16098000000",
            "comprehensiveIncomeNetOfTax": "-10395000000",
            "ebit": "-16059000000",
            "ebitda": "-15975000000",
            "netIncome": "-10227000000"
        },
        {
            "fiscalDateEnding": "2019-12-31",
            "reportedCurrency": "USD",
            "grossProfit": "1295000000",
            "totalRevenue": "6347000000",
            "costOfRevenue": "159000000",
            "costofGoodsAndServicesSold": "5054000000",
            "operatingIncome": "330000000",
            "sellingGeneralAndAdministrative": "749000000",
            "researchAndDevelopment": "None",
            "operatingExpenses": "159000000",
            "investmentIncomeNet": "None",
            "netInterestIncome": "-63000000",
            "interestIncome": "62000000",
            "interestExpense": "63000000",
            "nonInterestIncome": "6347000000",
            "otherNonOperatingIncome": "40000000",
            "depreciation": "None",
            "depreciationAndAmortization": "87000000",
            "incomeBeforeTax": "261000000",
            "incomeTaxExpense": "213000000",
            "interestAndDebtExpense": "None",
            "netIncomeFromContinuingOperations": "1136000000",
            "comprehensiveIncomeNetOfTax": "107000000",
            "ebit": "330000000",
            "ebitda": "417000000",
            "netIncome": "48000000"
        },
        {
            "fiscalDateEnding": "2019-09-30",
            "reportedCurrency": "USD",
            "grossProfit": "1101000000",
            "totalRevenue": "5823000000",
            "costOfRevenue": "835000000",
            "costofGoodsAndServicesSold": "4781000000",
            "operatingIncome": "297000000",
            "sellingGeneralAndAdministrative": "679000000",
            "researchAndDevelopment": "None",
            "operatingExpenses": "835000000",
            "investmentIncomeNet": "None",
            "netInterestIncome": "-59000000",
            "interestIncome": "60000000",
            "interestExpense": "59000000",
            "nonInterestIncome": "5882000000",
            "otherNonOperatingIncome": "-14000000",
            "depreciation": "None",
            "depreciationAndAmortization": "85000000",
            "incomeBeforeTax": "164000000",
            "incomeTaxExpense": "107000000",
            "interestAndDebtExpense": "None",
            "netIncomeFromContinuingOperations": "117000000",
            "comprehensiveIncomeNetOfTax": "-16000000",
            "ebit": "297000000",
            "ebitda": "382000000",
            "netIncome": "57000000"
        },
        {
            "fiscalDateEnding": "2019-06-30",
            "reportedCurrency": "USD",
            "grossProfit": "1062000000",
            "totalRevenue": "5938000000",
            "costOfRevenue": "848000000",
            "costofGoodsAndServicesSold": "4932000000",
            "operatingIncome": "271000000",
            "sellingGeneralAndAdministrative": "701000000",
            "researchAndDevelopment": "None",
            "operatingExpenses": "848000000",
            "investmentIncomeNet": "None",
            "netInterestIncome": "-56000000",
            "interestIncome": "53000000",
            "interestExpense": "56000000",
            "nonInterestIncome": "5994000000",
            "otherNonOperatingIncome": "-131000000",
            "depreciation": "None",
            "depreciationAndAmortization": "97000000",
            "incomeBeforeTax": "86000000",
            "incomeTaxExpense": "95000000",
            "interestAndDebtExpense": "None",
            "netIncomeFromContinuingOperations": "-11000000",
            "comprehensiveIncomeNetOfTax": "-87000000",
            "ebit": "271000000",
            "ebitda": "368000000",
            "netIncome": "-9000000"
        },
        {
            "fiscalDateEnding": "2019-03-31",
            "reportedCurrency": "USD",
            "grossProfit": "976000000",
            "totalRevenue": "5556000000",
            "costOfRevenue": "862000000",
            "costofGoodsAndServicesSold": "4639000000",
            "operatingIncome": "176000000",
            "sellingGeneralAndAdministrative": "704000000",
            "researchAndDevelopment": "None",
            "operatingExpenses": "862000000",
            "investmentIncomeNet": "None",
            "netInterestIncome": "-59000000",
            "interestIncome": "None",
            "interestExpense": "59000000",
            "nonInterestIncome": "5615000000",
            "otherNonOperatingIncome": "21000000",
            "depreciation": "None",
            "depreciationAndAmortization": "96000000",
            "incomeBeforeTax": "99000000",
            "incomeTaxExpense": "67000000",
            "interestAndDebtExpense": "None",
            "netIncomeFromContinuingOperations": "71000000",
            "comprehensiveIncomeNetOfTax": "117000000",
            "ebit": "176000000",
            "ebitda": "272000000",
            "netIncome": "32000000"
        },
        {
            "fiscalDateEnding": "2018-12-31",
            "reportedCurrency": "USD",
            "grossProfit": "1236000000",
            "totalRevenue": "6264000000",
            "costOfRevenue": "59000000",
            "costofGoodsAndServicesSold": "17000000",
            "operatingIncome": "382000000",
            "sellingGeneralAndAdministrative": "755000000",
            "researchAndDevelopment": "None",
            "operatingExpenses": "59000000",
            "investmentIncomeNet": "None",
            "netInterestIncome": "-59000000",
            "interestIncome": "None",
            "interestExpense": "59000000",
            "nonInterestIncome": "6264000000",
            "otherNonOperatingIncome": "151000000",
            "depreciation": "None",
            "depreciationAndAmortization": "103000000",
            "incomeBeforeTax": "303000000",
            "incomeTaxExpense": "172000000",
            "interestAndDebtExpense": "None",
            "netIncomeFromContinuingOperations": "1177000000",
            "comprehensiveIncomeNetOfTax": "19000000",
            "ebit": "382000000",
            "ebitda": "485000000",
            "netIncome": "131000000"
        },
        {
            "fiscalDateEnding": "2018-09-30",
            "reportedCurrency": "USD",
            "grossProfit": "973000000",
            "totalRevenue": "5610000000",
            "costOfRevenue": "798000000",
            "costofGoodsAndServicesSold": "12000000",
            "operatingIncome": "282000000",
            "sellingGeneralAndAdministrative": "608000000",
            "researchAndDevelopment": "None",
            "operatingExpenses": "786000000",
            "investmentIncomeNet": "None",
            "netInterestIncome": "-55000000",
            "interestIncome": "None",
            "interestExpense": "55000000",
            "nonInterestIncome": "5665000000",
            "otherNonOperatingIncome": "6000000",
            "depreciation": "None",
            "depreciationAndAmortization": "112000000",
            "incomeBeforeTax": "123000000",
            "incomeTaxExpense": "110000000",
            "interestAndDebtExpense": "None",
            "netIncomeFromContinuingOperations": "38000000",
            "comprehensiveIncomeNetOfTax": "-21000000",
            "ebit": "282000000",
            "ebitda": "394000000",
            "netIncome": "13000000"
        },
        {
            "fiscalDateEnding": "2018-06-30",
            "reportedCurrency": "USD",
            "grossProfit": "936000000",
            "totalRevenue": "5485000000",
            "costOfRevenue": "5536000000",
            "costofGoodsAndServicesSold": "4627000000",
            "operatingIncome": "78000000",
            "sellingGeneralAndAdministrative": "662000000",
            "researchAndDevelopment": "None",
            "operatingExpenses": "909000000",
            "investmentIncomeNet": "None",
            "netInterestIncome": "-63000000",
            "interestIncome": "None",
            "interestExpense": "63000000",
            "nonInterestIncome": "5548000000",
            "otherNonOperatingIncome": "43000000",
            "depreciation": "None",
            "depreciationAndAmortization": "101000000",
            "incomeBeforeTax": "43000000",
            "incomeTaxExpense": "62000000",
            "interestAndDebtExpense": "None",
            "netIncomeFromContinuingOperations": "-38000000",
            "comprehensiveIncomeNetOfTax": "-221000000",
            "ebit": "78000000",
            "ebitda": "179000000",
            "netIncome": "-19000000"
        },
        {
            "fiscalDateEnding": "2018-03-31",
            "reportedCurrency": "USD",
            "grossProfit": "841000000",
            "totalRevenue": "10752000000",
            "costOfRevenue": "5594000000",
            "costofGoodsAndServicesSold": "4619000000",
            "operatingIncome": "-41000000",
            "sellingGeneralAndAdministrative": "674000000",
            "researchAndDevelopment": "None",
            "operatingExpenses": "975000000",
            "investmentIncomeNet": "None",
            "netInterestIncome": "-46000000",
            "interestIncome": "None",
            "interestExpense": "59000000",
            "nonInterestIncome": "5399000000",
            "otherNonOperatingIncome": "2000000",
            "depreciation": "None",
            "depreciationAndAmortization": "139000000",
            "incomeBeforeTax": "-16000000",
            "incomeTaxExpense": "-86000000",
            "interestAndDebtExpense": "None",
            "netIncomeFromContinuingOperations": "-19000000",
            "comprehensiveIncomeNetOfTax": "188000000",
            "ebit": "-41000000",
            "ebitda": "98000000",
            "netIncome": "70000000"
        }
    ]
}