{
    "symbol": "NEE",
    "annualReports": [
        {
            "fiscalDateEnding": "2022-12-31",
            "reportedCurrency": "USD",
            "grossProfit": "16341000000",
            "totalRevenue": "23278000000",
            "costOfRevenue": "6937000000",
            "costofGoodsAndServicesSold": "6389000000",
            "operatingIncome": "4081000000",
            "sellingGeneralAndAdministrative": "2289000000",
            "researchAndDevelopment": "None",
            "operatingExpenses": "17397000000",
            "investmentIncomeNet": "None",
            "netInterestIncome": "174000000",
            "interestIncome": "763000000",
            "interestExpense": "585000000",
            "nonInterestIncome": "23104000000",
            "otherNonOperatingIncome": "200000000",
            "depreciation": "None",
            "depreciationAndAmortization": "4503000000",
            "incomeBeforeTax": "4733000000",
            "incomeTaxExpense": "586000000",
            "interestAndDebtExpense": "None",
            "netIncomeFromContinuingOperations": "3246000000",
            "comprehensiveIncomeNetOfTax": "3929000000",
            "ebit": "4081000000",
            "ebitda": "8584000000",
            "netIncome": "4147000000"
        },
        {
            "fiscalDateEnding": "2021-12-31",
            "reportedCurrency": "USD",
            "grossProfit": "12965000000",
            "totalRevenue": "19042000000",
            "costOfRevenue": "6077000000",
            "costofGoodsAndServicesSold": "8480000000",
            "operatingIncome": "2913000000",
            "sellingGeneralAndAdministrative": "2012000000",
            "researchAndDevelopment": "None",
            "operatingExpenses": "14233000000",
            "investmentIncomeNet": "None",
            "netInterestIncome": "148000000",
            "interestIncome": "267000000",
            "interestExpense": "1270000000",
            "nonInterestIncome": "18894000000",
            "otherNonOperatingIncome": "130000000",
            "depreciation": "None",
            "depreciationAndAmortization": "3924000000",
            "incomeBeforeTax": "3921000000",
            "incomeTaxExpense": "348000000",
            "interestAndDebtExpense": "None",
            "netIncomeFromContinuingOperations": "2827000000",
            "comprehensiveIncomeNetOfTax": "3665000000",
            "ebit": "2913000000",
            "ebitda": "6837000000",
            "netIncome": "3573000000"
        },
        {
            "fiscalDateEnding": "2020-12-31",
            "reportedCurrency": "USD",
            "grossProfit": "10844000000",
            "totalRevenue": "16976000000",
            "costOfRevenue": "6132000000",
            "costofGoodsAndServicesSold": "7290000000",
            "operatingIncome": "5116000000",
            "sellingGeneralAndAdministrative": "1911000000",
            "researchAndDevelopment": "None",
            "operatingExpenses": "13234000000",
            "investmentIncomeNet": "None",
            "netInterestIncome": "120000000",
            "interestIncome": "38000000",
            "interestExpense": "1950000000",
            "nonInterestIncome": "16856000000",
            "otherNonOperatingIncome": "92000000",
            "depreciation": "None",
            "depreciationAndAmortization": "4052000000",
            "incomeBeforeTax": "2963000000",
            "incomeTaxExpense": "44000000",
            "interestAndDebtExpense": "None",
            "netIncomeFromContinuingOperations": "2369000000",
            "comprehensiveIncomeNetOfTax": "2996000000",
            "ebit": "5116000000",
            "ebitda": "9168000000",
            "netIncome": "2919000000"
        },
        {
            "fiscalDateEnding": "2019-12-31",
            "reportedCurrency": "USD",
            "grossProfit": "11221000000",
            "totalRevenue": "17604000000",
            "costOfRevenue": "6383000000",
            "costofGoodsAndServicesSold": "8003000000",
            "operatingIncome": "5353000000",
            "sellingGeneralAndAdministrative": "1888000000",
            "researchAndDevelopment": "None",
            "operatingExpenses": "14257000000",
            "investmentIncomeNet": "None",
            "netInterestIncome": "101000000",
            "interestIncome": "54000000",
            "interestExpense": "2249000000",
            "nonInterestIncome": "17503000000",
            "otherNonOperatingIncome": "121000000",
            "depreciation": "None",
            "depreciationAndAmortization": "4216000000",
            "incomeBeforeTax": "4217000000",
            "incomeTaxExpense": "448000000",
            "interestAndDebtExpense": "None",
            "netIncomeFromContinuingOperations": "3388000000",
            "comprehensiveIncomeNetOfTax": "3789000000",
            "ebit": "5353000000",
            "ebitda": "9569000000",
            "netIncome": "3769000000"
        },
        {
            "fiscalDateEnding": "2018-12-31",
            "reportedCurrency": "USD",
            "grossProfit": "9856000000",
            "totalRevenue": "15558000000",
            "costOfRevenue": "5702000000",
            "costofGoodsAndServicesSold": "7062000000",
            "operatingIncome": "4280000000",
            "sellingGeneralAndAdministrative": "1590000000",
            "researchAndDevelopment": "None",
            "operatingExpenses": "12527000000",
            "investmentIncomeNet": "None",
            "netInterestIncome": "94000000",
            "interestIncome": "51000000",
            "interestExpense": "1498000000",
            "nonInterestIncome": "15464000000",
            "otherNonOperatingIncome": "48000000",
            "depreciation": "None",
            "depreciationAndAmortization": "3911000000",
            "incomeBeforeTax": "8214000000",
            "incomeTaxExpense": "1576000000",
            "interestAndDebtExpense": "None",
            "netIncomeFromContinuingOperations": "5776000000",
            "comprehensiveIncomeNetOfTax": "6667000000",
            "ebit": "4280000000",
            "ebitda": "8191000000",
            "netIncome": "6638000000"
        }
    ],
    "quarterlyReports": [
        {
            "fiscalDateEnding": "2022-12-31",
            "reportedCurrency": "USD",
            "grossProfit": "3683000000",
            "totalRevenue": "5716000000",
            "costOfRevenue": "2033000000",
            "costofGoodsAndServicesSold": "1501000000",
            "operatingIncome": "2046000000",
            "sellingGeneralAndAdministrative": "717000000",
            "researchAndDevelopment": "None",
            "operatingExpenses": "4444000000",
            "investmentIncomeNet": "None",
            "netInterestIncome": "-685000000",
            "interestIncome": "556000000",
            "interestExpense": "33000000",
            "nonInterestIncome": "5542000000",
            "otherNonOperatingIncome": "40000000",
            "depreciation": "None",
            "depreciationAndAmortization": "1171000000",
            "incomeBeforeTax": "1851000000",
            "incomeTaxExpense": "329000000",
            "interestAndDebtExpense": "None",
            "netIncomeFromContinuingOperations": "1267000000",
            "comprehensiveIncomeNetOfTax": "1418000000",
            "ebit": "2046000000",
            "ebitda": "3217000000",
            "netIncome": "1522000000"
        },
        {
            "fiscalDateEnding": "2022-09-30",
            "reportedCurrency": "USD",
            "grossProfit": "5819000000",
            "totalRevenue": "6400000000",
            "costOfRevenue": "581000000",
            "costofGoodsAndServicesSold": "1933000000",
            "operatingIncome": "1862000000",
            "sellingGeneralAndAdministrative": "581000000",
            "researchAndDevelopment": "None",
            "operatingExpenses": "5028000000",
            "investmentIncomeNet": "None",
            "netInterestIncome": "-259000000",
            "interestIncome": "153000000",
            "interestExpense": "259000000",
            "nonInterestIncome": "6400000000",
            "otherNonOperatingIncome": "83000000",
            "depreciation": "None",
            "depreciationAndAmortization": "1289000000",
            "incomeBeforeTax": "2019000000",
            "incomeTaxExpense": "323000000",
            "interestAndDebtExpense": "None",
            "netIncomeFromContinuingOperations": "1559000000",
            "comprehensiveIncomeNetOfTax": "1641000000",
            "ebit": "1862000000",
            "ebitda": "3151000000",
            "netIncome": "1696000000"
        },
        {
            "fiscalDateEnding": "2022-06-30",
            "reportedCurrency": "USD",
            "grossProfit": "5389000000",
            "totalRevenue": "5900000000",
            "costOfRevenue": "511000000",
            "costofGoodsAndServicesSold": "1589000000",
            "operatingIncome": "948000000",
            "sellingGeneralAndAdministrative": "511000000",
            "researchAndDevelopment": "None",
            "operatingExpenses": "4236000000",
            "investmentIncomeNet": "None",
            "netInterestIncome": "217000000",
            "interestIncome": "217000000",
            "interestExpense": "217000000",
            "nonInterestIncome": "5900000000",
            "otherNonOperatingIncome": "34000000",
            "depreciation": "None",
            "depreciationAndAmortization": "1158000000",
            "incomeBeforeTax": "1674000000",
            "incomeTaxExpense": "294000000",
            "interestAndDebtExpense": "None",
            "netIncomeFromContinuingOperations": "1113000000",
            "comprehensiveIncomeNetOfTax": "1341000000",
            "ebit": "948000000",
            "ebitda": "2106000000",
            "netIncome": "1380000000"
        },
        {
            "fiscalDateEnding": "2022-03-31",
            "reportedCurrency": "USD",
            "grossProfit": "3657000000",
            "totalRevenue": "5020000000",
            "costOfRevenue": "1363000000",
            "costofGoodsAndServicesSold": "1366000000",
            "operatingIncome": "-775000000",
            "sellingGeneralAndAdministrative": "478000000",
            "researchAndDevelopment": "None",
            "operatingExpenses": "3688000000",
            "investmentIncomeNet": "None",
            "netInterestIncome": "142000000",
            "interestIncome": "142000000",
            "interestExpense": "142000000",
            "nonInterestIncome": "5020000000",
            "otherNonOperatingIncome": "45000000",
            "depreciation": "None",
            "depreciationAndAmortization": "885000000",
            "incomeBeforeTax": "-810000000",
            "incomeTaxExpense": "-359000000",
            "interestAndDebtExpense": "None",
            "netIncomeFromContinuingOperations": "-693000000",
            "comprehensiveIncomeNetOfTax": "-471000000",
            "ebit": "-775000000",
            "ebitda": "110000000",
            "netIncome": "-451000000"
        },
        {
            "fiscalDateEnding": "2021-12-31",
            "reportedCurrency": "USD",
            "grossProfit": "3123000000",
            "totalRevenue": "4872000000",
            "costOfRevenue": "1749000000",
            "costofGoodsAndServicesSold": "2323000000",
            "operatingIncome": "1355000000",
            "sellingGeneralAndAdministrative": "644000000",
            "researchAndDevelopment": "None",
            "operatingExpenses": "3748000000",
            "investmentIncomeNet": "None",
            "netInterestIncome": "-599000000",
            "interestIncome": "267000000",
            "interestExpense": "599000000",
            "nonInterestIncome": "4724000000",
            "otherNonOperatingIncome": "23000000",
            "depreciation": "None",
            "depreciationAndAmortization": "964000000",
            "incomeBeforeTax": "1468000000",
            "incomeTaxExpense": "264000000",
            "interestAndDebtExpense": "None",
            "netIncomeFromContinuingOperations": "953000000",
            "comprehensiveIncomeNetOfTax": "1298000000",
            "ebit": "1355000000",
            "ebitda": "2319000000",
            "netIncome": "1204000000"
        },
        {
            "fiscalDateEnding": "2021-09-30",
            "reportedCurrency": "USD",
            "grossProfit": "4919000000",
            "totalRevenue": "5400000000",
            "costOfRevenue": "481000000",
            "costofGoodsAndServicesSold": "2293000000",
            "operatingIncome": "379000000",
            "sellingGeneralAndAdministrative": "481000000",
            "researchAndDevelopment": "None",
            "operatingExpenses": "4004000000",
            "investmentIncomeNet": "None",
            "netInterestIncome": "-328000000",
            "interestIncome": "7000000",
            "interestExpense": "335000000",
            "nonInterestIncome": "5400000000",
            "otherNonOperatingIncome": "32000000",
            "depreciation": "None",
            "depreciationAndAmortization": "1230000000",
            "incomeBeforeTax": "420000000",
            "incomeTaxExpense": "-27000000",
            "interestAndDebtExpense": "None",
            "netIncomeFromContinuingOperations": "304000000",
            "comprehensiveIncomeNetOfTax": "438000000",
            "ebit": "379000000",
            "ebitda": "1609000000",
            "netIncome": "447000000"
        },
        {
            "fiscalDateEnding": "2021-06-30",
            "reportedCurrency": "USD",
            "grossProfit": "4240000000",
            "totalRevenue": "4700000000",
            "costOfRevenue": "460000000",
            "costofGoodsAndServicesSold": "1969000000",
            "operatingIncome": "510000000",
            "sellingGeneralAndAdministrative": "460000000",
            "researchAndDevelopment": "None",
            "operatingExpenses": "3410000000",
            "investmentIncomeNet": "None",
            "netInterestIncome": "-750000000",
            "interestIncome": "7000000",
            "interestExpense": "757000000",
            "nonInterestIncome": "4700000000",
            "otherNonOperatingIncome": "38000000",
            "depreciation": "None",
            "depreciationAndAmortization": "981000000",
            "incomeBeforeTax": "116000000",
            "incomeTaxExpense": "-140000000",
            "interestAndDebtExpense": "None",
            "netIncomeFromContinuingOperations": "72000000",
            "comprehensiveIncomeNetOfTax": "269000000",
            "ebit": "510000000",
            "ebitda": "1491000000",
            "netIncome": "256000000"
        },
        {
            "fiscalDateEnding": "2021-03-31",
            "reportedCurrency": "USD",
            "grossProfit": "2875000000",
            "totalRevenue": "4051000000",
            "costOfRevenue": "1176000000",
            "costofGoodsAndServicesSold": "1895000000",
            "operatingIncome": "669000000",
            "sellingGeneralAndAdministrative": "427000000",
            "researchAndDevelopment": "None",
            "operatingExpenses": "3071000000",
            "investmentIncomeNet": "None",
            "netInterestIncome": "440000000",
            "interestIncome": "19000000",
            "interestExpense": "421000000",
            "nonInterestIncome": "4051000000",
            "otherNonOperatingIncome": "38000000",
            "depreciation": "None",
            "depreciationAndAmortization": "749000000",
            "incomeBeforeTax": "1916000000",
            "incomeTaxExpense": "250000000",
            "interestAndDebtExpense": "None",
            "netIncomeFromContinuingOperations": "1498000000",
            "comprehensiveIncomeNetOfTax": "1662000000",
            "ebit": "669000000",
            "ebitda": "1418000000",
            "netIncome": "1666000000"
        },
        {
            "fiscalDateEnding": "2020-12-31",
            "reportedCurrency": "USD",
            "grossProfit": "2335000000",
            "totalRevenue": "4081000000",
            "costOfRevenue": "1746000000",
            "costofGoodsAndServicesSold": "1971000000",
            "operatingIncome": "940000000",
            "sellingGeneralAndAdministrative": "633000000",
            "researchAndDevelopment": "None",
            "operatingExpenses": "3529000000",
            "investmentIncomeNet": "None",
            "netInterestIncome": "-104000000",
            "interestIncome": "7000000",
            "interestExpense": "111000000",
            "nonInterestIncome": "3961000000",
            "otherNonOperatingIncome": "67000000",
            "depreciation": "None",
            "depreciationAndAmortization": "944000000",
            "incomeBeforeTax": "-40000000",
            "incomeTaxExpense": "-35000000",
            "interestAndDebtExpense": "None",
            "netIncomeFromContinuingOperations": "-190000000",
            "comprehensiveIncomeNetOfTax": "55000000",
            "ebit": "940000000",
            "ebitda": "1884000000",
            "netIncome": "-5000000"
        },
        {
            "fiscalDateEnding": "2020-09-30",
            "reportedCurrency": "USD",
            "grossProfit": "4446000000",
            "totalRevenue": "4900000000",
            "costOfRevenue": "454000000",
            "costofGoodsAndServicesSold": "2033000000",
            "operatingIncome": "1008000000",
            "sellingGeneralAndAdministrative": "454000000",
            "researchAndDevelopment": "None",
            "operatingExpenses": "3766000000",
            "investmentIncomeNet": "None",
            "netInterestIncome": "-201000000",
            "interestIncome": "7000000",
            "interestExpense": "208000000",
            "nonInterestIncome": "4900000000",
            "otherNonOperatingIncome": "21000000",
            "depreciation": "None",
            "depreciationAndAmortization": "1279000000",
            "incomeBeforeTax": "1358000000",
            "incomeTaxExpense": "129000000",
            "interestAndDebtExpense": "None",
            "netIncomeFromContinuingOperations": "1123000000",
            "comprehensiveIncomeNetOfTax": "1240000000",
            "ebit": "1008000000",
            "ebitda": "2287000000",
            "netIncome": "1229000000"
        },
        {
            "fiscalDateEnding": "2020-06-30",
            "reportedCurrency": "USD",
            "grossProfit": "3681000000",
            "totalRevenue": "4100000000",
            "costOfRevenue": "419000000",
            "costofGoodsAndServicesSold": "1635000000",
            "operatingIncome": "1186000000",
            "sellingGeneralAndAdministrative": "419000000",
            "researchAndDevelopment": "None",
            "operatingExpenses": "3035000000",
            "investmentIncomeNet": "None",
            "netInterestIncome": "-309000000",
            "interestIncome": "11000000",
            "interestExpense": "320000000",
            "nonInterestIncome": "4100000000",
            "otherNonOperatingIncome": "-4000000",
            "depreciation": "None",
            "depreciationAndAmortization": "981000000",
            "incomeBeforeTax": "1460000000",
            "incomeTaxExpense": "185000000",
            "interestAndDebtExpense": "None",
            "netIncomeFromContinuingOperations": "1129000000",
            "comprehensiveIncomeNetOfTax": "1304000000",
            "ebit": "1186000000",
            "ebitda": "2167000000",
            "netIncome": "1275000000"
        },
        {
            "fiscalDateEnding": "2020-03-31",
            "reportedCurrency": "USD",
            "grossProfit": "2685000000",
            "totalRevenue": "3939000000",
            "costOfRevenue": "1254000000",
            "costofGoodsAndServicesSold": "1651000000",
            "operatingIncome": "1981000000",
            "sellingGeneralAndAdministrative": "406000000",
            "researchAndDevelopment": "None",
            "operatingExpenses": "2905000000",
            "investmentIncomeNet": "None",
            "netInterestIncome": "-1298000000",
            "interestIncome": "13000000",
            "interestExpense": "1311000000",
            "nonInterestIncome": "3939000000",
            "otherNonOperatingIncome": "10000000",
            "depreciation": "None",
            "depreciationAndAmortization": "848000000",
            "incomeBeforeTax": "186000000",
            "incomeTaxExpense": "-235000000",
            "interestAndDebtExpense": "None",
            "netIncomeFromContinuingOperations": "308000000",
            "comprehensiveIncomeNetOfTax": "398000000",
            "ebit": "1981000000",
            "ebitda": "2829000000",
            "netIncome": "421000000"
        },
        {
            "fiscalDateEnding": "2019-12-31",
            "reportedCurrency": "USD",
            "grossProfit": "2665000000",
            "totalRevenue": "4414000000",
            "costOfRevenue": "1749000000",
            "costofGoodsAndServicesSold": "2119000000",
            "operatingIncome": "878000000",
            "sellingGeneralAndAdministrative": "501000000",
            "researchAndDevelopment": "None",
            "operatingExpenses": "4117000000",
            "investmentIncomeNet": "None",
            "netInterestIncome": "-175000000",
            "interestIncome": "13000000",
            "interestExpense": "188000000",
            "nonInterestIncome": "4313000000",
            "otherNonOperatingIncome": "78000000",
            "depreciation": "None",
            "depreciationAndAmortization": "969000000",
            "incomeBeforeTax": "1167000000",
            "incomeTaxExpense": "192000000",
            "interestAndDebtExpense": "None",
            "netIncomeFromContinuingOperations": "878000000",
            "comprehensiveIncomeNetOfTax": "987000000",
            "ebit": "878000000",
            "ebitda": "1847000000",
            "netIncome": "975000000"
        },
        {
            "fiscalDateEnding": "2019-09-30",
            "reportedCurrency": "USD",
            "grossProfit": "4347000000",
            "totalRevenue": "4900000000",
            "costOfRevenue": "553000000",
            "costofGoodsAndServicesSold": "2129000000",
            "operatingIncome": "1593000000",
            "sellingGeneralAndAdministrative": "553000000",
            "researchAndDevelopment": "None",
            "operatingExpenses": "3979000000",
            "investmentIncomeNet": "None",
            "netInterestIncome": "-730000000",
            "interestIncome": "16000000",
            "interestExpense": "746000000",
            "nonInterestIncome": "4900000000",
            "otherNonOperatingIncome": "12000000",
            "depreciation": "None",
            "depreciationAndAmortization": "1295000000",
            "incomeBeforeTax": "937000000",
            "incomeTaxExpense": "58000000",
            "interestAndDebtExpense": "None",
            "netIncomeFromContinuingOperations": "798000000",
            "comprehensiveIncomeNetOfTax": "889000000",
            "ebit": "1593000000",
            "ebitda": "2888000000",
            "netIncome": "879000000"
        },
        {
            "fiscalDateEnding": "2019-06-30",
            "reportedCurrency": "USD",
            "grossProfit": "4078000000",
            "totalRevenue": "4500000000",
            "costOfRevenue": "422000000",
            "costofGoodsAndServicesSold": "1974000000",
            "operatingIncome": "1747000000",
            "sellingGeneralAndAdministrative": "416000000",
            "researchAndDevelopment": "None",
            "operatingExpenses": "3223000000",
            "investmentIncomeNet": "None",
            "netInterestIncome": "-588000000",
            "interestIncome": "13000000",
            "interestExpense": "601000000",
            "nonInterestIncome": "4500000000",
            "otherNonOperatingIncome": "16000000",
            "depreciation": "None",
            "depreciationAndAmortization": "1180000000",
            "incomeBeforeTax": "1358000000",
            "incomeTaxExpense": "124000000",
            "interestAndDebtExpense": "None",
            "netIncomeFromContinuingOperations": "1139000000",
            "comprehensiveIncomeNetOfTax": "1256000000",
            "ebit": "1747000000",
            "ebitda": "2927000000",
            "netIncome": "1234000000"
        },
        {
            "fiscalDateEnding": "2019-03-31",
            "reportedCurrency": "USD",
            "grossProfit": "2621000000",
            "totalRevenue": "3805000000",
            "costOfRevenue": "1184000000",
            "costofGoodsAndServicesSold": "1782000000",
            "operatingIncome": "1135000000",
            "sellingGeneralAndAdministrative": "396000000",
            "researchAndDevelopment": "None",
            "operatingExpenses": "2940000000",
            "investmentIncomeNet": "None",
            "netInterestIncome": "-702000000",
            "interestIncome": "12000000",
            "interestExpense": "714000000",
            "nonInterestIncome": "3805000000",
            "otherNonOperatingIncome": "14000000",
            "depreciation": "None",
            "depreciationAndAmortization": "772000000",
            "incomeBeforeTax": "754000000",
            "incomeTaxExpense": "74000000",
            "interestAndDebtExpense": "None",
            "netIncomeFromContinuingOperations": "606000000",
            "comprehensiveIncomeNetOfTax": "656000000",
            "ebit": "1135000000",
            "ebitda": "1907000000",
            "netIncome": "680000000"
        },
        {
            "fiscalDateEnding": "2018-12-31",
            "reportedCurrency": "USD",
            "grossProfit": "2865000000",
            "totalRevenue": "4587000000",
            "costOfRevenue": "1722000000",
            "costofGoodsAndServicesSold": "1806000000",
            "operatingIncome": "1107000000",
            "sellingGeneralAndAdministrative": "442000000",
            "researchAndDevelopment": "None",
            "operatingExpenses": "3363000000",
            "investmentIncomeNet": "None",
            "netInterestIncome": "28000000",
            "interestIncome": "12000000",
            "interestExpense": "711000000",
            "nonInterestIncome": "4559000000",
            "otherNonOperatingIncome": "18000000",
            "depreciation": "None",
            "depreciationAndAmortization": "1092000000",
            "incomeBeforeTax": "396000000",
            "incomeTaxExpense": "-26000000",
            "interestAndDebtExpense": "None",
            "netIncomeFromContinuingOperations": "1107000000",
            "comprehensiveIncomeNetOfTax": "391000000",
            "ebit": "1107000000",
            "ebitda": "2199000000",
            "netIncome": "422000000"
        },
        {
            "fiscalDateEnding": "2018-09-30",
            "reportedCurrency": "USD",
            "grossProfit": "3709000000",
            "totalRevenue": "4118000000",
            "costOfRevenue": "409000000",
            "costofGoodsAndServicesSold": "1917000000",
            "operatingIncome": "968000000",
            "sellingGeneralAndAdministrative": "396000000",
            "researchAndDevelopment": "None",
            "operatingExpenses": "3448000000",
            "investmentIncomeNet": "None",
            "netInterestIncome": "18000000",
            "interestIncome": "11000000",
            "interestExpense": "167000000",
            "nonInterestIncome": "4100000000",
            "otherNonOperatingIncome": "11000000",
            "depreciation": "None",
            "depreciationAndAmortization": "1131000000",
            "incomeBeforeTax": "1130000000",
            "incomeTaxExpense": "125000000",
            "interestAndDebtExpense": "None",
            "netIncomeFromContinuingOperations": "943000000",
            "comprehensiveIncomeNetOfTax": "1021000000",
            "ebit": "968000000",
            "ebitda": "2099000000",
            "netIncome": "1005000000"
        },
        {
            "fiscalDateEnding": "2018-06-30",
            "reportedCurrency": "USD",
            "grossProfit": "3152000000",
            "totalRevenue": "3524000000",
            "costOfRevenue": "372000000",
            "costofGoodsAndServicesSold": "1743000000",
            "operatingIncome": "1146000000",
            "sellingGeneralAndAdministrative": "371000000",
            "researchAndDevelopment": "None",
            "operatingExpenses": "2917000000",
            "investmentIncomeNet": "None",
            "netInterestIncome": "24000000",
            "interestIncome": "10000000",
            "interestExpense": "394000000",
            "nonInterestIncome": "3500000000",
            "otherNonOperatingIncome": "10000000",
            "depreciation": "None",
            "depreciationAndAmortization": "832000000",
            "incomeBeforeTax": "1007000000",
            "incomeTaxExpense": "226000000",
            "interestAndDebtExpense": "None",
            "netIncomeFromContinuingOperations": "701000000",
            "comprehensiveIncomeNetOfTax": "786000000",
            "ebit": "1146000000",
            "ebitda": "1978000000",
            "netIncome": "781000000"
        },
        {
            "fiscalDateEnding": "2018-03-31",
            "reportedCurrency": "USD",
            "grossProfit": "2050000000",
            "totalRevenue": "3286000000",
            "costOfRevenue": "1236000000",
            "costofGoodsAndServicesSold": "1596000000",
            "operatingIncome": "1059000000",
            "sellingGeneralAndAdministrative": "379000000",
            "researchAndDevelopment": "None",
            "operatingExpenses": "2798000000",
            "investmentIncomeNet": "None",
            "netInterestIncome": "24000000",
            "interestIncome": "18000000",
            "interestExpense": "226000000",
            "nonInterestIncome": "3262000000",
            "otherNonOperatingIncome": "6000000",
            "depreciation": "None",
            "depreciationAndAmortization": "856000000",
            "incomeBeforeTax": "5681000000",
            "incomeTaxExpense": "1250000000",
            "interestAndDebtExpense": "None",
            "netIncomeFromContinuingOperations": "3831000000",
            "comprehensiveIncomeNetOfTax": "4470000000",
            "ebit": "1059000000",
            "ebitda": "1915000000",
            "netIncome": "4431000000"
        }
    ]
}