{
    "symbol": "SCHW",
    "annualReports": [
        {
            "fiscalDateEnding": "2022-12-31",
            "reportedCurrency": "USD",
            "grossProfit": "9388000000",
            "totalRevenue": "20762000000",
            "costOfRevenue": "11374000000",
            "costofGoodsAndServicesSold": "None",
            "operatingIncome": "4808000000",
            "sellingGeneralAndAdministrative": "3214000000",
            "researchAndDevelopment": "None",
            "operatingExpenses": "3866000000",
            "investmentIncomeNet": "None",
            "netInterestIncome": "10682000000",
            "interestIncome": "12227000000",
            "interestExpense": "1545000000",
            "nonInterestIncome": "None",
            "otherNonOperatingIncome": "None",
            "depreciation": "None",
            "depreciationAndAmortization": "652000000",
            "incomeBeforeTax": "9388000000",
            "incomeTaxExpense": "2205000000",
            "interestAndDebtExpense": "1545000000",
            "netIncomeFromContinuingOperations": "7183000000",
            "comprehensiveIncomeNetOfTax": "-14329000000",
            "ebit": "10933000000",
            "ebitda": "11585000000",
            "netIncome": "7183000000"
        },
        {
            "fiscalDateEnding": "2021-12-31",
            "reportedCurrency": "USD",
            "grossProfit": "7725000000",
            "totalRevenue": "18520000000",
            "costOfRevenue": "10795000000",
            "costofGoodsAndServicesSold": "None",
            "operatingIncome": "3175000000",
            "sellingGeneralAndAdministrative": "3042000000",
            "researchAndDevelopment": "None",
            "operatingExpenses": "3674000000",
            "investmentIncomeNet": "None",
            "netInterestIncome": "8030000000",
            "interestIncome": "8506000000",
            "interestExpense": "476000000",
            "nonInterestIncome": "None",
            "otherNonOperatingIncome": "None",
            "depreciation": "None",
            "depreciationAndAmortization": "549000000",
            "incomeBeforeTax": "7713000000",
            "incomeTaxExpense": "1858000000",
            "interestAndDebtExpense": "476000000",
            "netIncomeFromContinuingOperations": "5855000000",
            "comprehensiveIncomeNetOfTax": "-648000000",
            "ebit": "8189000000",
            "ebitda": "8738000000",
            "netIncome": "5855000000"
        },
        {
            "fiscalDateEnding": "2020-12-31",
            "reportedCurrency": "USD",
            "grossProfit": "4290000000",
            "totalRevenue": "11691000000",
            "costOfRevenue": "7401000000",
            "costofGoodsAndServicesSold": "None",
            "operatingIncome": "1030000000",
            "sellingGeneralAndAdministrative": "2225000000",
            "researchAndDevelopment": "None",
            "operatingExpenses": "2815000000",
            "investmentIncomeNet": "None",
            "netInterestIncome": "6113000000",
            "interestIncome": "6531000000",
            "interestExpense": "418000000",
            "nonInterestIncome": "None",
            "otherNonOperatingIncome": "None",
            "depreciation": "None",
            "depreciationAndAmortization": "414000000",
            "incomeBeforeTax": "4300000000",
            "incomeTaxExpense": "1001000000",
            "interestAndDebtExpense": "418000000",
            "netIncomeFromContinuingOperations": "3299000000",
            "comprehensiveIncomeNetOfTax": "8605000000",
            "ebit": "4718000000",
            "ebitda": "5132000000",
            "netIncome": "3299000000"
        },
        {
            "fiscalDateEnding": "2019-12-31",
            "reportedCurrency": "USD",
            "grossProfit": "4853000000",
            "totalRevenue": "10721000000",
            "costOfRevenue": "5868000000",
            "costofGoodsAndServicesSold": "1064000000",
            "operatingIncome": "2422000000",
            "sellingGeneralAndAdministrative": "1821000000",
            "researchAndDevelopment": "None",
            "operatingExpenses": "2170000000",
            "investmentIncomeNet": "None",
            "netInterestIncome": "6516000000",
            "interestIncome": "7580000000",
            "interestExpense": "1064000000",
            "nonInterestIncome": "None",
            "otherNonOperatingIncome": "None",
            "depreciation": "322000000",
            "depreciationAndAmortization": "322000000",
            "incomeBeforeTax": "4848000000",
            "incomeTaxExpense": "1144000000",
            "interestAndDebtExpense": "1064000000",
            "netIncomeFromContinuingOperations": "3704000000",
            "comprehensiveIncomeNetOfTax": "4044000000",
            "ebit": "5912000000",
            "ebitda": "6234000000",
            "netIncome": "3704000000"
        },
        {
            "fiscalDateEnding": "2018-12-31",
            "reportedCurrency": "USD",
            "grossProfit": "4568000000",
            "totalRevenue": "10132000000",
            "costOfRevenue": "5564000000",
            "costofGoodsAndServicesSold": "857000000",
            "operatingIncome": "2098000000",
            "sellingGeneralAndAdministrative": "1851000000",
            "researchAndDevelopment": "None",
            "operatingExpenses": "2157000000",
            "investmentIncomeNet": "None",
            "netInterestIncome": "5823000000",
            "interestIncome": "6680000000",
            "interestExpense": "857000000",
            "nonInterestIncome": "None",
            "otherNonOperatingIncome": "None",
            "depreciation": "277000000",
            "depreciationAndAmortization": "277000000",
            "incomeBeforeTax": "4562000000",
            "incomeTaxExpense": "1055000000",
            "interestAndDebtExpense": "857000000",
            "netIncomeFromContinuingOperations": "3507000000",
            "comprehensiveIncomeNetOfTax": "3440000000",
            "ebit": "5419000000",
            "ebitda": "5696000000",
            "netIncome": "3507000000"
        }
    ],
    "quarterlyReports": [
        {
            "fiscalDateEnding": "2022-12-31",
            "reportedCurrency": "USD",
            "grossProfit": "2598000000",
            "totalRevenue": "5497000000",
            "costOfRevenue": "2899000000",
            "costofGoodsAndServicesSold": "None",
            "operatingIncome": "1392000000",
            "sellingGeneralAndAdministrative": "853000000",
            "researchAndDevelopment": "None",
            "operatingExpenses": "1022000000",
            "investmentIncomeNet": "None",
            "netInterestIncome": "3029000000",
            "interestIncome": "3841000000",
            "interestExpense": "812000000",
            "nonInterestIncome": "None",
            "otherNonOperatingIncome": "None",
            "depreciation": "None",
            "depreciationAndAmortization": "192000000",
            "incomeBeforeTax": "2598000000",
            "incomeTaxExpense": "630000000",
            "interestAndDebtExpense": "812000000",
            "netIncomeFromContinuingOperations": "1968000000",
            "comprehensiveIncomeNetOfTax": "2499000000",
            "ebit": "3410000000",
            "ebitda": "3602000000",
            "netIncome": "1968000000"
        },
        {
            "fiscalDateEnding": "2022-09-30",
            "reportedCurrency": "USD",
            "grossProfit": "2677000000",
            "totalRevenue": "5500000000",
            "costOfRevenue": "2823000000",
            "costofGoodsAndServicesSold": "1740000000",
            "operatingIncome": "1562000000",
            "sellingGeneralAndAdministrative": "776000000",
            "researchAndDevelopment": "None",
            "operatingExpenses": "928000000",
            "investmentIncomeNet": "None",
            "netInterestIncome": "2926000000",
            "interestIncome": "3357000000",
            "interestExpense": "431000000",
            "nonInterestIncome": "None",
            "otherNonOperatingIncome": "None",
            "depreciation": "None",
            "depreciationAndAmortization": "152000000",
            "incomeBeforeTax": "2677000000",
            "incomeTaxExpense": "657000000",
            "interestAndDebtExpense": "431000000",
            "netIncomeFromContinuingOperations": "2020000000",
            "comprehensiveIncomeNetOfTax": "-5110000000",
            "ebit": "3108000000",
            "ebitda": "3260000000",
            "netIncome": "2020000000"
        },
        {
            "fiscalDateEnding": "2022-06-30",
            "reportedCurrency": "USD",
            "grossProfit": "2274000000",
            "totalRevenue": "5093000000",
            "costOfRevenue": "2819000000",
            "costofGoodsAndServicesSold": "1684000000",
            "operatingIncome": "1107000000",
            "sellingGeneralAndAdministrative": "826000000",
            "researchAndDevelopment": "None",
            "operatingExpenses": "980000000",
            "investmentIncomeNet": "None",
            "netInterestIncome": "2544000000",
            "interestIncome": "2710000000",
            "interestExpense": "166000000",
            "nonInterestIncome": "None",
            "otherNonOperatingIncome": "None",
            "depreciation": "None",
            "depreciationAndAmortization": "154000000",
            "incomeBeforeTax": "2274000000",
            "incomeTaxExpense": "481000000",
            "interestAndDebtExpense": "166000000",
            "netIncomeFromContinuingOperations": "1793000000",
            "comprehensiveIncomeNetOfTax": "-3184000000",
            "ebit": "2440000000",
            "ebitda": "2594000000",
            "netIncome": "1793000000"
        },
        {
            "fiscalDateEnding": "2022-03-31",
            "reportedCurrency": "USD",
            "grossProfit": "1829000000",
            "totalRevenue": "4672000000",
            "costOfRevenue": "2843000000",
            "costofGoodsAndServicesSold": "1790000000",
            "operatingIncome": "750000000",
            "sellingGeneralAndAdministrative": "759000000",
            "researchAndDevelopment": "None",
            "operatingExpenses": "923000000",
            "investmentIncomeNet": "None",
            "netInterestIncome": "2183000000",
            "interestIncome": "2319000000",
            "interestExpense": "136000000",
            "nonInterestIncome": "None",
            "otherNonOperatingIncome": "None",
            "depreciation": "None",
            "depreciationAndAmortization": "154000000",
            "incomeBeforeTax": "1839000000",
            "incomeTaxExpense": "437000000",
            "interestAndDebtExpense": "136000000",
            "netIncomeFromContinuingOperations": "1402000000",
            "comprehensiveIncomeNetOfTax": "-8534000000",
            "ebit": "1975000000",
            "ebitda": "2129000000",
            "netIncome": "1402000000"
        },
        {
            "fiscalDateEnding": "2021-12-31",
            "reportedCurrency": "USD",
            "grossProfit": "2018000000",
            "totalRevenue": "4708000000",
            "costOfRevenue": "2690000000",
            "costofGoodsAndServicesSold": "None",
            "operatingIncome": "1006000000",
            "sellingGeneralAndAdministrative": "777000000",
            "researchAndDevelopment": "None",
            "operatingExpenses": "869000000",
            "investmentIncomeNet": "None",
            "netInterestIncome": "2142000000",
            "interestIncome": "2270000000",
            "interestExpense": "128000000",
            "nonInterestIncome": "None",
            "otherNonOperatingIncome": "None",
            "depreciation": "None",
            "depreciationAndAmortization": "88000000",
            "incomeBeforeTax": "2023000000",
            "incomeTaxExpense": "443000000",
            "interestAndDebtExpense": "128000000",
            "netIncomeFromContinuingOperations": "1580000000",
            "comprehensiveIncomeNetOfTax": "-782000000",
            "ebit": "2151000000",
            "ebitda": "2239000000",
            "netIncome": "1580000000"
        },
        {
            "fiscalDateEnding": "2021-09-30",
            "reportedCurrency": "USD",
            "grossProfit": "2011000000",
            "totalRevenue": "4570000000",
            "costOfRevenue": "2559000000",
            "costofGoodsAndServicesSold": "None",
            "operatingIncome": "952000000",
            "sellingGeneralAndAdministrative": "759000000",
            "researchAndDevelopment": "None",
            "operatingExpenses": "919000000",
            "investmentIncomeNet": "None",
            "netInterestIncome": "2030000000",
            "interestIncome": "2153000000",
            "interestExpense": "123000000",
            "nonInterestIncome": "None",
            "otherNonOperatingIncome": "None",
            "depreciation": "None",
            "depreciationAndAmortization": "153000000",
            "incomeBeforeTax": "2011000000",
            "incomeTaxExpense": "485000000",
            "interestAndDebtExpense": "123000000",
            "netIncomeFromContinuingOperations": "1526000000",
            "comprehensiveIncomeNetOfTax": "371000000",
            "ebit": "2134000000",
            "ebitda": "2287000000",
            "netIncome": "1526000000"
        },
        {
            "fiscalDateEnding": "2021-06-30",
            "reportedCurrency": "USD",
            "grossProfit": "1724000000",
            "totalRevenue": "4527000000",
            "costOfRevenue": "2803000000",
            "costofGoodsAndServicesSold": "None",
            "operatingIncome": "391000000",
            "sellingGeneralAndAdministrative": "780000000",
            "researchAndDevelopment": "None",
            "operatingExpenses": "978000000",
            "investmentIncomeNet": "None",
            "netInterestIncome": "1947000000",
            "interestIncome": "2068000000",
            "interestExpense": "121000000",
            "nonInterestIncome": "None",
            "otherNonOperatingIncome": "None",
            "depreciation": "None",
            "depreciationAndAmortization": "154000000",
            "incomeBeforeTax": "1719000000",
            "incomeTaxExpense": "454000000",
            "interestAndDebtExpense": "121000000",
            "netIncomeFromContinuingOperations": "1265000000",
            "comprehensiveIncomeNetOfTax": "2795000000",
            "ebit": "1840000000",
            "ebitda": "1994000000",
            "netIncome": "1265000000"
        },
        {
            "fiscalDateEnding": "2021-03-31",
            "reportedCurrency": "USD",
            "grossProfit": "1972000000",
            "totalRevenue": "4715000000",
            "costOfRevenue": "2743000000",
            "costofGoodsAndServicesSold": "None",
            "operatingIncome": "826000000",
            "sellingGeneralAndAdministrative": "726000000",
            "researchAndDevelopment": "None",
            "operatingExpenses": "908000000",
            "investmentIncomeNet": "None",
            "netInterestIncome": "1911000000",
            "interestIncome": "2015000000",
            "interestExpense": "104000000",
            "nonInterestIncome": "None",
            "otherNonOperatingIncome": "None",
            "depreciation": "None",
            "depreciationAndAmortization": "154000000",
            "incomeBeforeTax": "1960000000",
            "incomeTaxExpense": "476000000",
            "interestAndDebtExpense": "104000000",
            "netIncomeFromContinuingOperations": "1484000000",
            "comprehensiveIncomeNetOfTax": "-3032000000",
            "ebit": "2064000000",
            "ebitda": "2218000000",
            "netIncome": "1484000000"
        },
        {
            "fiscalDateEnding": "2020-12-31",
            "reportedCurrency": "USD",
            "grossProfit": "1476000000",
            "totalRevenue": "4176000000",
            "costOfRevenue": "2700000000",
            "costofGoodsAndServicesSold": "None",
            "operatingIncome": "1476000000",
            "sellingGeneralAndAdministrative": "773000000",
            "researchAndDevelopment": "None",
            "operatingExpenses": "1320000000",
            "investmentIncomeNet": "None",
            "netInterestIncome": "1809000000",
            "interestIncome": "1905000000",
            "interestExpense": "96000000",
            "nonInterestIncome": "None",
            "otherNonOperatingIncome": "None",
            "depreciation": "None",
            "depreciationAndAmortization": "371000000",
            "incomeBeforeTax": "1476000000",
            "incomeTaxExpense": "341000000",
            "interestAndDebtExpense": "96000000",
            "netIncomeFromContinuingOperations": "-1224000000",
            "comprehensiveIncomeNetOfTax": "843000000",
            "ebit": "1572000000",
            "ebitda": "1943000000",
            "netIncome": "1135000000"
        },
        {
            "fiscalDateEnding": "2020-09-30",
            "reportedCurrency": "USD",
            "grossProfit": "889000000",
            "totalRevenue": "2448000000",
            "costOfRevenue": "1559000000",
            "costofGoodsAndServicesSold": "None",
            "operatingIncome": "303000000",
            "sellingGeneralAndAdministrative": "488000000",
            "researchAndDevelopment": "None",
            "operatingExpenses": "513000000",
            "investmentIncomeNet": "None",
            "netInterestIncome": "1343000000",
            "interestIncome": "1432000000",
            "interestExpense": "89000000",
            "nonInterestIncome": "None",
            "otherNonOperatingIncome": "None",
            "depreciation": "None",
            "depreciationAndAmortization": "25000000",
            "incomeBeforeTax": "889000000",
            "incomeTaxExpense": "191000000",
            "interestAndDebtExpense": "89000000",
            "netIncomeFromContinuingOperations": "698000000",
            "comprehensiveIncomeNetOfTax": "773000000",
            "ebit": "978000000",
            "ebitda": "1003000000",
            "netIncome": "698000000"
        },
        {
            "fiscalDateEnding": "2020-06-30",
            "reportedCurrency": "USD",
            "grossProfit": "888000000",
            "totalRevenue": "2450000000",
            "costOfRevenue": "1562000000",
            "costofGoodsAndServicesSold": "None",
            "operatingIncome": "181000000",
            "sellingGeneralAndAdministrative": "498000000",
            "researchAndDevelopment": "None",
            "operatingExpenses": "607000000",
            "investmentIncomeNet": "None",
            "netInterestIncome": "1389000000",
            "interestIncome": "1486000000",
            "interestExpense": "97000000",
            "nonInterestIncome": "None",
            "otherNonOperatingIncome": "None",
            "depreciation": "None",
            "depreciationAndAmortization": "109000000",
            "incomeBeforeTax": "888000000",
            "incomeTaxExpense": "217000000",
            "interestAndDebtExpense": "97000000",
            "netIncomeFromContinuingOperations": "671000000",
            "comprehensiveIncomeNetOfTax": "2287000000",
            "ebit": "985000000",
            "ebitda": "1094000000",
            "netIncome": "671000000"
        },
        {
            "fiscalDateEnding": "2020-03-31",
            "reportedCurrency": "USD",
            "grossProfit": "1037000000",
            "totalRevenue": "2617000000",
            "costOfRevenue": "1580000000",
            "costofGoodsAndServicesSold": "136000000",
            "operatingIncome": "398000000",
            "sellingGeneralAndAdministrative": "466000000",
            "researchAndDevelopment": "None",
            "operatingExpenses": "562000000",
            "investmentIncomeNet": "None",
            "netInterestIncome": "1572000000",
            "interestIncome": "1708000000",
            "interestExpense": "136000000",
            "nonInterestIncome": "None",
            "otherNonOperatingIncome": "None",
            "depreciation": "None",
            "depreciationAndAmortization": "96000000",
            "incomeBeforeTax": "1047000000",
            "incomeTaxExpense": "252000000",
            "interestAndDebtExpense": "136000000",
            "netIncomeFromContinuingOperations": "795000000",
            "comprehensiveIncomeNetOfTax": "4702000000",
            "ebit": "1183000000",
            "ebitda": "1279000000",
            "netIncome": "795000000"
        },
        {
            "fiscalDateEnding": "2019-12-31",
            "reportedCurrency": "USD",
            "grossProfit": "1112000000",
            "totalRevenue": "2606000000",
            "costOfRevenue": "1494000000",
            "costofGoodsAndServicesSold": "168000000",
            "operatingIncome": "1112000000",
            "sellingGeneralAndAdministrative": "493000000",
            "researchAndDevelopment": "None",
            "operatingExpenses": "587000000",
            "investmentIncomeNet": "None",
            "netInterestIncome": "1595000000",
            "interestIncome": "1763000000",
            "interestExpense": "168000000",
            "nonInterestIncome": "None",
            "otherNonOperatingIncome": "None",
            "depreciation": "None",
            "depreciationAndAmortization": "67000000",
            "incomeBeforeTax": "1112000000",
            "incomeTaxExpense": "260000000",
            "interestAndDebtExpense": "168000000",
            "netIncomeFromContinuingOperations": "-382000000",
            "comprehensiveIncomeNetOfTax": "796000000",
            "ebit": "1280000000",
            "ebitda": "1347000000",
            "netIncome": "852000000"
        },
        {
            "fiscalDateEnding": "2019-09-30",
            "reportedCurrency": "USD",
            "grossProfit": "1238000000",
            "totalRevenue": "2711000000",
            "costOfRevenue": "1473000000",
            "costofGoodsAndServicesSold": "261000000",
            "operatingIncome": "650000000",
            "sellingGeneralAndAdministrative": "446000000",
            "researchAndDevelopment": "None",
            "operatingExpenses": "534000000",
            "investmentIncomeNet": "None",
            "netInterestIncome": "1631000000",
            "interestIncome": "1892000000",
            "interestExpense": "261000000",
            "nonInterestIncome": "None",
            "otherNonOperatingIncome": "None",
            "depreciation": "None",
            "depreciationAndAmortization": "88000000",
            "incomeBeforeTax": "1236000000",
            "incomeTaxExpense": "285000000",
            "interestAndDebtExpense": "261000000",
            "netIncomeFromContinuingOperations": "951000000",
            "comprehensiveIncomeNetOfTax": "996000000",
            "ebit": "1497000000",
            "ebitda": "1585000000",
            "netIncome": "951000000"
        },
        {
            "fiscalDateEnding": "2019-06-30",
            "reportedCurrency": "USD",
            "grossProfit": "1239000000",
            "totalRevenue": "2681000000",
            "costOfRevenue": "1442000000",
            "costofGoodsAndServicesSold": "318000000",
            "operatingIncome": "631000000",
            "sellingGeneralAndAdministrative": "450000000",
            "researchAndDevelopment": "None",
            "operatingExpenses": "534000000",
            "investmentIncomeNet": "None",
            "netInterestIncome": "1609000000",
            "interestIncome": "1927000000",
            "interestExpense": "318000000",
            "nonInterestIncome": "None",
            "otherNonOperatingIncome": "None",
            "depreciation": "None",
            "depreciationAndAmortization": "84000000",
            "incomeBeforeTax": "1236000000",
            "incomeTaxExpense": "299000000",
            "interestAndDebtExpense": "318000000",
            "netIncomeFromContinuingOperations": "937000000",
            "comprehensiveIncomeNetOfTax": "1107000000",
            "ebit": "1554000000",
            "ebitda": "1638000000",
            "netIncome": "937000000"
        },
        {
            "fiscalDateEnding": "2019-03-31",
            "reportedCurrency": "USD",
            "grossProfit": "1265000000",
            "totalRevenue": "2723000000",
            "costOfRevenue": "1458000000",
            "costofGoodsAndServicesSold": "62000000",
            "operatingIncome": "688000000",
            "sellingGeneralAndAdministrative": "432000000",
            "researchAndDevelopment": "None",
            "operatingExpenses": "515000000",
            "investmentIncomeNet": "None",
            "netInterestIncome": "1681000000",
            "interestIncome": "1998000000",
            "interestExpense": "317000000",
            "nonInterestIncome": "None",
            "otherNonOperatingIncome": "None",
            "depreciation": "None",
            "depreciationAndAmortization": "83000000",
            "incomeBeforeTax": "1264000000",
            "incomeTaxExpense": "300000000",
            "interestAndDebtExpense": "317000000",
            "netIncomeFromContinuingOperations": "964000000",
            "comprehensiveIncomeNetOfTax": "1145000000",
            "ebit": "1581000000",
            "ebitda": "1664000000",
            "netIncome": "964000000"
        },
        {
            "fiscalDateEnding": "2018-12-31",
            "reportedCurrency": "USD",
            "grossProfit": "1210000000",
            "totalRevenue": "2669000000",
            "costOfRevenue": "1459000000",
            "costofGoodsAndServicesSold": "63000000",
            "operatingIncome": "1210000000",
            "sellingGeneralAndAdministrative": "-1644000000",
            "researchAndDevelopment": "None",
            "operatingExpenses": "-1564000000",
            "investmentIncomeNet": "None",
            "netInterestIncome": "1626000000",
            "interestIncome": "1914000000",
            "interestExpense": "288000000",
            "nonInterestIncome": "None",
            "otherNonOperatingIncome": "None",
            "depreciation": "None",
            "depreciationAndAmortization": "51000000",
            "incomeBeforeTax": "1210000000",
            "incomeTaxExpense": "275000000",
            "interestAndDebtExpense": "288000000",
            "netIncomeFromContinuingOperations": "-249000000",
            "comprehensiveIncomeNetOfTax": "987000000",
            "ebit": "1498000000",
            "ebitda": "1549000000",
            "netIncome": "935000000"
        },
        {
            "fiscalDateEnding": "2018-09-30",
            "reportedCurrency": "USD",
            "grossProfit": "1220000000",
            "totalRevenue": "2579000000",
            "costOfRevenue": "1359000000",
            "costofGoodsAndServicesSold": "59000000",
            "operatingIncome": "-83000000",
            "sellingGeneralAndAdministrative": "1154000000",
            "researchAndDevelopment": "None",
            "operatingExpenses": "1232000000",
            "investmentIncomeNet": "None",
            "netInterestIncome": "1527000000",
            "interestIncome": "1755000000",
            "interestExpense": "228000000",
            "nonInterestIncome": "809000000",
            "otherNonOperatingIncome": "None",
            "depreciation": "None",
            "depreciationAndAmortization": "78000000",
            "incomeBeforeTax": "1219000000",
            "incomeTaxExpense": "296000000",
            "interestAndDebtExpense": "228000000",
            "netIncomeFromContinuingOperations": "923000000",
            "comprehensiveIncomeNetOfTax": "897000000",
            "ebit": "1447000000",
            "ebitda": "1525000000",
            "netIncome": "923000000"
        },
        {
            "fiscalDateEnding": "2018-06-30",
            "reportedCurrency": "USD",
            "grossProfit": "1132000000",
            "totalRevenue": "2486000000",
            "costOfRevenue": "1354000000",
            "costofGoodsAndServicesSold": "58000000",
            "operatingIncome": "-173000000",
            "sellingGeneralAndAdministrative": "1158000000",
            "researchAndDevelopment": "None",
            "operatingExpenses": "1233000000",
            "investmentIncomeNet": "None",
            "netInterestIncome": "1407000000",
            "interestIncome": "1590000000",
            "interestExpense": "183000000",
            "nonInterestIncome": "814000000",
            "otherNonOperatingIncome": "None",
            "depreciation": "None",
            "depreciationAndAmortization": "75000000",
            "incomeBeforeTax": "1131000000",
            "incomeTaxExpense": "265000000",
            "interestAndDebtExpense": "183000000",
            "netIncomeFromContinuingOperations": "866000000",
            "comprehensiveIncomeNetOfTax": "848000000",
            "ebit": "1314000000",
            "ebitda": "1389000000",
            "netIncome": "866000000"
        },
        {
            "fiscalDateEnding": "2018-03-31",
            "reportedCurrency": "USD",
            "grossProfit": "1001000000",
            "totalRevenue": "2398000000",
            "costOfRevenue": "1397000000",
            "costofGoodsAndServicesSold": "1394000000",
            "operatingIncome": "-344000000",
            "sellingGeneralAndAdministrative": "1183000000",
            "researchAndDevelopment": "None",
            "operatingExpenses": "1256000000",
            "investmentIncomeNet": "None",
            "netInterestIncome": "1263000000",
            "interestIncome": "1421000000",
            "interestExpense": "158000000",
            "nonInterestIncome": "851000000",
            "otherNonOperatingIncome": "None",
            "depreciation": "None",
            "depreciationAndAmortization": "73000000",
            "incomeBeforeTax": "1002000000",
            "incomeTaxExpense": "219000000",
            "interestAndDebtExpense": "158000000",
            "netIncomeFromContinuingOperations": "783000000",
            "comprehensiveIncomeNetOfTax": "708000000",
            "ebit": "1160000000",
            "ebitda": "1233000000",
            "netIncome": "783000000"
        }
    ]
}