{
    "symbol": "COF",
    "annualReports": [
        {
            "fiscalDateEnding": "2022-12-31",
            "reportedCurrency": "USD",
            "grossProfit": "9240000000",
            "totalRevenue": "34250000000",
            "costOfRevenue": "25010000000",
            "costofGoodsAndServicesSold": "None",
            "operatingIncome": "-3869000000",
            "sellingGeneralAndAdministrative": "8082000000",
            "researchAndDevelopment": "None",
            "operatingExpenses": "13109000000",
            "investmentIncomeNet": "None",
            "netInterestIncome": "27114000000",
            "interestIncome": "31237000000",
            "interestExpense": "4123000000",
            "nonInterestIncome": "7136000000",
            "otherNonOperatingIncome": "None",
            "depreciation": "790000000",
            "depreciationAndAmortization": "3210000000",
            "incomeBeforeTax": "9240000000",
            "incomeTaxExpense": "1880000000",
            "interestAndDebtExpense": "4123000000",
            "netIncomeFromContinuingOperations": "7360000000",
            "comprehensiveIncomeNetOfTax": "-2930000000",
            "ebit": "13363000000",
            "ebitda": "16573000000",
            "netIncome": "7360000000"
        },
        {
            "fiscalDateEnding": "2021-12-31",
            "reportedCurrency": "USD",
            "grossProfit": "15809000000",
            "totalRevenue": "30435000000",
            "costOfRevenue": "14626000000",
            "costofGoodsAndServicesSold": "None",
            "operatingIncome": "4074000000",
            "sellingGeneralAndAdministrative": "6814000000",
            "researchAndDevelopment": "None",
            "operatingExpenses": "11735000000",
            "investmentIncomeNet": "None",
            "netInterestIncome": "24171000000",
            "interestIncome": "25769000000",
            "interestExpense": "1598000000",
            "nonInterestIncome": "6264000000",
            "otherNonOperatingIncome": "None",
            "depreciation": "775000000",
            "depreciationAndAmortization": "3481000000",
            "incomeBeforeTax": "15805000000",
            "incomeTaxExpense": "3415000000",
            "interestAndDebtExpense": "1598000000",
            "netIncomeFromContinuingOperations": "12394000000",
            "comprehensiveIncomeNetOfTax": "9270000000",
            "ebit": "17403000000",
            "ebitda": "20884000000",
            "netIncome": "12390000000"
        },
        {
            "fiscalDateEnding": "2020-12-31",
            "reportedCurrency": "USD",
            "grossProfit": "3203000000",
            "totalRevenue": "28523000000",
            "costOfRevenue": "25320000000",
            "costofGoodsAndServicesSold": "None",
            "operatingIncome": "-7114000000",
            "sellingGeneralAndAdministrative": "5504000000",
            "researchAndDevelopment": "None",
            "operatingExpenses": "10317000000",
            "investmentIncomeNet": "None",
            "netInterestIncome": "22913000000",
            "interestIncome": "26033000000",
            "interestExpense": "3120000000",
            "nonInterestIncome": "5610000000",
            "otherNonOperatingIncome": "None",
            "depreciation": "809000000",
            "depreciationAndAmortization": "3501000000",
            "incomeBeforeTax": "3200000000",
            "incomeTaxExpense": "486000000",
            "interestAndDebtExpense": "3120000000",
            "netIncomeFromContinuingOperations": "2717000000",
            "comprehensiveIncomeNetOfTax": "5060000000",
            "ebit": "6320000000",
            "ebitda": "9821000000",
            "netIncome": "2714000000"
        },
        {
            "fiscalDateEnding": "2019-12-31",
            "reportedCurrency": "USD",
            "grossProfit": "6874000000",
            "totalRevenue": "28593000000",
            "costOfRevenue": "21719000000",
            "costofGoodsAndServicesSold": "None",
            "operatingIncome": "-3986000000",
            "sellingGeneralAndAdministrative": "6256000000",
            "researchAndDevelopment": "None",
            "operatingExpenses": "10860000000",
            "investmentIncomeNet": "None",
            "netInterestIncome": "23340000000",
            "interestIncome": "28513000000",
            "interestExpense": "5173000000",
            "nonInterestIncome": "5253000000",
            "otherNonOperatingIncome": "None",
            "depreciation": "741000000",
            "depreciationAndAmortization": "3339000000",
            "incomeBeforeTax": "6887000000",
            "incomeTaxExpense": "1341000000",
            "interestAndDebtExpense": "5173000000",
            "netIncomeFromContinuingOperations": "5533000000",
            "comprehensiveIncomeNetOfTax": "7077000000",
            "ebit": "12060000000",
            "ebitda": "15399000000",
            "netIncome": "5546000000"
        },
        {
            "fiscalDateEnding": "2018-12-31",
            "reportedCurrency": "USD",
            "grossProfit": "7318000000",
            "totalRevenue": "28076000000",
            "costOfRevenue": "20758000000",
            "costofGoodsAndServicesSold": "23406000000",
            "operatingIncome": "-2301000000",
            "sellingGeneralAndAdministrative": "6044000000",
            "researchAndDevelopment": "None",
            "operatingExpenses": "9619000000",
            "investmentIncomeNet": "None",
            "netInterestIncome": "22875000000",
            "interestIncome": "27176000000",
            "interestExpense": "4301000000",
            "nonInterestIncome": "5201000000",
            "otherNonOperatingIncome": "None",
            "depreciation": "728000000",
            "depreciationAndAmortization": "2396000000",
            "incomeBeforeTax": "7308000000",
            "incomeTaxExpense": "1293000000",
            "interestAndDebtExpense": "4301000000",
            "netIncomeFromContinuingOperations": "6025000000",
            "comprehensiveIncomeNetOfTax": "5879000000",
            "ebit": "11609000000",
            "ebitda": "14005000000",
            "netIncome": "6015000000"
        }
    ],
    "quarterlyReports": [
        {
            "fiscalDateEnding": "2022-12-31",
            "reportedCurrency": "USD",
            "grossProfit": "1544000000",
            "totalRevenue": "9040000000",
            "costOfRevenue": "7496000000",
            "costofGoodsAndServicesSold": "None",
            "operatingIncome": "-2450000000",
            "sellingGeneralAndAdministrative": "2660000000",
            "researchAndDevelopment": "None",
            "operatingExpenses": "3994000000",
            "investmentIncomeNet": "None",
            "netInterestIncome": "7197000000",
            "interestIncome": "9158000000",
            "interestExpense": "1961000000",
            "nonInterestIncome": "1843000000",
            "otherNonOperatingIncome": "None",
            "depreciation": "None",
            "depreciationAndAmortization": "843000000",
            "incomeBeforeTax": "1544000000",
            "incomeTaxExpense": "312000000",
            "interestAndDebtExpense": "1961000000",
            "netIncomeFromContinuingOperations": "1232000000",
            "comprehensiveIncomeNetOfTax": "2020000000",
            "ebit": "3505000000",
            "ebitda": "4348000000",
            "netIncome": "1232000000"
        },
        {
            "fiscalDateEnding": "2022-09-30",
            "reportedCurrency": "USD",
            "grossProfit": "2187000000",
            "totalRevenue": "8805000000",
            "costOfRevenue": "6618000000",
            "costofGoodsAndServicesSold": "None",
            "operatingIncome": "-130000000",
            "sellingGeneralAndAdministrative": "1829000000",
            "researchAndDevelopment": "None",
            "operatingExpenses": "2317000000",
            "investmentIncomeNet": "None",
            "netInterestIncome": "7003000000",
            "interestIncome": "8200000000",
            "interestExpense": "1197000000",
            "nonInterestIncome": "1802000000",
            "otherNonOperatingIncome": "None",
            "depreciation": "None",
            "depreciationAndAmortization": "744000000",
            "incomeBeforeTax": "2187000000",
            "incomeTaxExpense": "493000000",
            "interestAndDebtExpense": "1197000000",
            "netIncomeFromContinuingOperations": "1694000000",
            "comprehensiveIncomeNetOfTax": "-2094000000",
            "ebit": "3384000000",
            "ebitda": "4128000000",
            "netIncome": "1694000000"
        },
        {
            "fiscalDateEnding": "2022-06-30",
            "reportedCurrency": "USD",
            "grossProfit": "2564000000",
            "totalRevenue": "8232000000",
            "costOfRevenue": "5668000000",
            "costofGoodsAndServicesSold": "None",
            "operatingIncome": "269000000",
            "sellingGeneralAndAdministrative": "1823000000",
            "researchAndDevelopment": "None",
            "operatingExpenses": "2295000000",
            "investmentIncomeNet": "None",
            "netInterestIncome": "6517000000",
            "interestIncome": "7095000000",
            "interestExpense": "578000000",
            "nonInterestIncome": "1715000000",
            "otherNonOperatingIncome": "None",
            "depreciation": "None",
            "depreciationAndAmortization": "784000000",
            "incomeBeforeTax": "2564000000",
            "incomeTaxExpense": "533000000",
            "interestAndDebtExpense": "578000000",
            "netIncomeFromContinuingOperations": "2031000000",
            "comprehensiveIncomeNetOfTax": "-792000000",
            "ebit": "3142000000",
            "ebitda": "3926000000",
            "netIncome": "2031000000"
        },
        {
            "fiscalDateEnding": "2022-03-31",
            "reportedCurrency": "USD",
            "grossProfit": "2945000000",
            "totalRevenue": "8173000000",
            "costOfRevenue": "5228000000",
            "costofGoodsAndServicesSold": "None",
            "operatingIncome": "-61000000",
            "sellingGeneralAndAdministrative": "1770000000",
            "researchAndDevelopment": "None",
            "operatingExpenses": "3006000000",
            "investmentIncomeNet": "None",
            "netInterestIncome": "6397000000",
            "interestIncome": "6784000000",
            "interestExpense": "387000000",
            "nonInterestIncome": "1776000000",
            "otherNonOperatingIncome": "None",
            "depreciation": "None",
            "depreciationAndAmortization": "839000000",
            "incomeBeforeTax": "2945000000",
            "incomeTaxExpense": "542000000",
            "interestAndDebtExpense": "387000000",
            "netIncomeFromContinuingOperations": "2403000000",
            "comprehensiveIncomeNetOfTax": "-2064000000",
            "ebit": "3332000000",
            "ebitda": "4171000000",
            "netIncome": "2403000000"
        },
        {
            "fiscalDateEnding": "2021-12-31",
            "reportedCurrency": "USD",
            "grossProfit": "3059000000",
            "totalRevenue": "8118000000",
            "costOfRevenue": "5059000000",
            "costofGoodsAndServicesSold": "None",
            "operatingIncome": "-773000000",
            "sellingGeneralAndAdministrative": "2530000000",
            "researchAndDevelopment": "None",
            "operatingExpenses": "3832000000",
            "investmentIncomeNet": "None",
            "netInterestIncome": "6450000000",
            "interestIncome": "6831000000",
            "interestExpense": "381000000",
            "nonInterestIncome": "1668000000",
            "otherNonOperatingIncome": "None",
            "depreciation": "None",
            "depreciationAndAmortization": "853000000",
            "incomeBeforeTax": "3058000000",
            "incomeTaxExpense": "633000000",
            "interestAndDebtExpense": "381000000",
            "netIncomeFromContinuingOperations": "2426000000",
            "comprehensiveIncomeNetOfTax": "1439000000",
            "ebit": "3439000000",
            "ebitda": "4292000000",
            "netIncome": "2425000000"
        },
        {
            "fiscalDateEnding": "2021-09-30",
            "reportedCurrency": "USD",
            "grossProfit": "3986000000",
            "totalRevenue": "7830000000",
            "costOfRevenue": "3844000000",
            "costofGoodsAndServicesSold": "None",
            "operatingIncome": "2072000000",
            "sellingGeneralAndAdministrative": "1551000000",
            "researchAndDevelopment": "None",
            "operatingExpenses": "1914000000",
            "investmentIncomeNet": "None",
            "netInterestIncome": "6156000000",
            "interestIncome": "6538000000",
            "interestExpense": "382000000",
            "nonInterestIncome": "1674000000",
            "otherNonOperatingIncome": "None",
            "depreciation": "None",
            "depreciationAndAmortization": "914000000",
            "incomeBeforeTax": "3986000000",
            "incomeTaxExpense": "882000000",
            "interestAndDebtExpense": "382000000",
            "netIncomeFromContinuingOperations": "3104000000",
            "comprehensiveIncomeNetOfTax": "2672000000",
            "ebit": "4368000000",
            "ebitda": "5282000000",
            "netIncome": "3104000000"
        },
        {
            "fiscalDateEnding": "2021-06-30",
            "reportedCurrency": "USD",
            "grossProfit": "4568000000",
            "totalRevenue": "7374000000",
            "costOfRevenue": "2806000000",
            "costofGoodsAndServicesSold": "None",
            "operatingIncome": "2764000000",
            "sellingGeneralAndAdministrative": "1458000000",
            "researchAndDevelopment": "None",
            "operatingExpenses": "1804000000",
            "investmentIncomeNet": "None",
            "netInterestIncome": "5743000000",
            "interestIncome": "6139000000",
            "interestExpense": "396000000",
            "nonInterestIncome": "1631000000",
            "otherNonOperatingIncome": "None",
            "depreciation": "None",
            "depreciationAndAmortization": "859000000",
            "incomeBeforeTax": "4567000000",
            "incomeTaxExpense": "1031000000",
            "interestAndDebtExpense": "396000000",
            "netIncomeFromContinuingOperations": "3537000000",
            "comprehensiveIncomeNetOfTax": "3545000000",
            "ebit": "4963000000",
            "ebitda": "5822000000",
            "netIncome": "3536000000"
        },
        {
            "fiscalDateEnding": "2021-03-31",
            "reportedCurrency": "USD",
            "grossProfit": "4196000000",
            "totalRevenue": "7113000000",
            "costOfRevenue": "2917000000",
            "costofGoodsAndServicesSold": "None",
            "operatingIncome": "1774000000",
            "sellingGeneralAndAdministrative": "1275000000",
            "researchAndDevelopment": "None",
            "operatingExpenses": "2422000000",
            "investmentIncomeNet": "None",
            "netInterestIncome": "5822000000",
            "interestIncome": "6261000000",
            "interestExpense": "439000000",
            "nonInterestIncome": "1291000000",
            "otherNonOperatingIncome": "None",
            "depreciation": "None",
            "depreciationAndAmortization": "855000000",
            "incomeBeforeTax": "4194000000",
            "incomeTaxExpense": "869000000",
            "interestAndDebtExpense": "439000000",
            "netIncomeFromContinuingOperations": "3327000000",
            "comprehensiveIncomeNetOfTax": "1614000000",
            "ebit": "4633000000",
            "ebitda": "5488000000",
            "netIncome": "3325000000"
        },
        {
            "fiscalDateEnding": "2020-12-31",
            "reportedCurrency": "USD",
            "grossProfit": "3064000000",
            "totalRevenue": "7337000000",
            "costOfRevenue": "4273000000",
            "costofGoodsAndServicesSold": "None",
            "operatingIncome": "-121000000",
            "sellingGeneralAndAdministrative": "1991000000",
            "researchAndDevelopment": "None",
            "operatingExpenses": "3185000000",
            "investmentIncomeNet": "None",
            "netInterestIncome": "5873000000",
            "interestIncome": "6391000000",
            "interestExpense": "518000000",
            "nonInterestIncome": "1464000000",
            "otherNonOperatingIncome": "None",
            "depreciation": "None",
            "depreciationAndAmortization": "800000000",
            "incomeBeforeTax": "3062000000",
            "incomeTaxExpense": "496000000",
            "interestAndDebtExpense": "518000000",
            "netIncomeFromContinuingOperations": "2568000000",
            "comprehensiveIncomeNetOfTax": "2227000000",
            "ebit": "3580000000",
            "ebitda": "4380000000",
            "netIncome": "2566000000"
        },
        {
            "fiscalDateEnding": "2020-09-30",
            "reportedCurrency": "USD",
            "grossProfit": "3502000000",
            "totalRevenue": "7381000000",
            "costOfRevenue": "3879000000",
            "costofGoodsAndServicesSold": "None",
            "operatingIncome": "2062000000",
            "sellingGeneralAndAdministrative": "1099000000",
            "researchAndDevelopment": "None",
            "operatingExpenses": "1440000000",
            "investmentIncomeNet": "None",
            "netInterestIncome": "5555000000",
            "interestIncome": "6215000000",
            "interestExpense": "660000000",
            "nonInterestIncome": "1826000000",
            "otherNonOperatingIncome": "None",
            "depreciation": "None",
            "depreciationAndAmortization": "897000000",
            "incomeBeforeTax": "3502000000",
            "incomeTaxExpense": "1096000000",
            "interestAndDebtExpense": "660000000",
            "netIncomeFromContinuingOperations": "2406000000",
            "comprehensiveIncomeNetOfTax": "2258000000",
            "ebit": "4162000000",
            "ebitda": "5059000000",
            "netIncome": "2406000000"
        },
        {
            "fiscalDateEnding": "2020-06-30",
            "reportedCurrency": "USD",
            "grossProfit": "-1460000000",
            "totalRevenue": "6556000000",
            "costOfRevenue": "8016000000",
            "costofGoodsAndServicesSold": "None",
            "operatingIncome": "-2884000000",
            "sellingGeneralAndAdministrative": "1104000000",
            "researchAndDevelopment": "None",
            "operatingExpenses": "1424000000",
            "investmentIncomeNet": "None",
            "netInterestIncome": "5460000000",
            "interestIncome": "6318000000",
            "interestExpense": "858000000",
            "nonInterestIncome": "1096000000",
            "otherNonOperatingIncome": "None",
            "depreciation": "None",
            "depreciationAndAmortization": "911000000",
            "incomeBeforeTax": "-1461000000",
            "incomeTaxExpense": "-543000000",
            "interestAndDebtExpense": "858000000",
            "netIncomeFromContinuingOperations": "-917000000",
            "comprehensiveIncomeNetOfTax": "-616000000",
            "ebit": "-603000000",
            "ebitda": "308000000",
            "netIncome": "-918000000"
        },
        {
            "fiscalDateEnding": "2020-03-31",
            "reportedCurrency": "USD",
            "grossProfit": "-1903000000",
            "totalRevenue": "7249000000",
            "costOfRevenue": "9152000000",
            "costofGoodsAndServicesSold": "None",
            "operatingIncome": "-4393000000",
            "sellingGeneralAndAdministrative": "1310000000",
            "researchAndDevelopment": "None",
            "operatingExpenses": "2490000000",
            "investmentIncomeNet": "None",
            "netInterestIncome": "6025000000",
            "interestIncome": "7109000000",
            "interestExpense": "1084000000",
            "nonInterestIncome": "1224000000",
            "otherNonOperatingIncome": "None",
            "depreciation": "None",
            "depreciationAndAmortization": "893000000",
            "incomeBeforeTax": "-1903000000",
            "incomeTaxExpense": "-563000000",
            "interestAndDebtExpense": "1084000000",
            "netIncomeFromContinuingOperations": "-1340000000",
            "comprehensiveIncomeNetOfTax": "1191000000",
            "ebit": "-819000000",
            "ebitda": "74000000",
            "netIncome": "-1340000000"
        },
        {
            "fiscalDateEnding": "2019-12-31",
            "reportedCurrency": "USD",
            "grossProfit": "1448000000",
            "totalRevenue": "7427000000",
            "costOfRevenue": "5979000000",
            "costofGoodsAndServicesSold": "None",
            "operatingIncome": "-1756000000",
            "sellingGeneralAndAdministrative": "1953000000",
            "researchAndDevelopment": "None",
            "operatingExpenses": "3204000000",
            "investmentIncomeNet": "None",
            "netInterestIncome": "6066000000",
            "interestIncome": "7270000000",
            "interestExpense": "1204000000",
            "nonInterestIncome": "1361000000",
            "otherNonOperatingIncome": "None",
            "depreciation": "None",
            "depreciationAndAmortization": "905000000",
            "incomeBeforeTax": "1446000000",
            "incomeTaxExpense": "270000000",
            "interestAndDebtExpense": "1204000000",
            "netIncomeFromContinuingOperations": "1178000000",
            "comprehensiveIncomeNetOfTax": "991000000",
            "ebit": "2650000000",
            "ebitda": "3555000000",
            "netIncome": "1176000000"
        },
        {
            "fiscalDateEnding": "2019-09-30",
            "reportedCurrency": "USD",
            "grossProfit": "1704000000",
            "totalRevenue": "6959000000",
            "costOfRevenue": "5255000000",
            "costofGoodsAndServicesSold": "None",
            "operatingIncome": "-62000000",
            "sellingGeneralAndAdministrative": "1427000000",
            "researchAndDevelopment": "None",
            "operatingExpenses": "1766000000",
            "investmentIncomeNet": "None",
            "netInterestIncome": "5737000000",
            "interestIncome": "7075000000",
            "interestExpense": "1338000000",
            "nonInterestIncome": "1222000000",
            "otherNonOperatingIncome": "None",
            "depreciation": "None",
            "depreciationAndAmortization": "849000000",
            "incomeBeforeTax": "1708000000",
            "incomeTaxExpense": "375000000",
            "interestAndDebtExpense": "1338000000",
            "netIncomeFromContinuingOperations": "1329000000",
            "comprehensiveIncomeNetOfTax": "1616000000",
            "ebit": "3046000000",
            "ebitda": "3895000000",
            "netIncome": "1333000000"
        },
        {
            "fiscalDateEnding": "2019-06-30",
            "reportedCurrency": "USD",
            "grossProfit": "2003000000",
            "totalRevenue": "7124000000",
            "costOfRevenue": "5121000000",
            "costofGoodsAndServicesSold": "None",
            "operatingIncome": "264000000",
            "sellingGeneralAndAdministrative": "1396000000",
            "researchAndDevelopment": "None",
            "operatingExpenses": "1739000000",
            "investmentIncomeNet": "None",
            "netInterestIncome": "5746000000",
            "interestIncome": "7076000000",
            "interestExpense": "1330000000",
            "nonInterestIncome": "1378000000",
            "otherNonOperatingIncome": "None",
            "depreciation": "None",
            "depreciationAndAmortization": "881000000",
            "incomeBeforeTax": "2012000000",
            "incomeTaxExpense": "387000000",
            "interestAndDebtExpense": "1330000000",
            "netIncomeFromContinuingOperations": "1616000000",
            "comprehensiveIncomeNetOfTax": "2455000000",
            "ebit": "3342000000",
            "ebitda": "4223000000",
            "netIncome": "1625000000"
        },
        {
            "fiscalDateEnding": "2019-03-31",
            "reportedCurrency": "USD",
            "grossProfit": "1719000000",
            "totalRevenue": "7083000000",
            "costOfRevenue": "5364000000",
            "costofGoodsAndServicesSold": "None",
            "operatingIncome": "-589000000",
            "sellingGeneralAndAdministrative": "1313000000",
            "researchAndDevelopment": "None",
            "operatingExpenses": "2308000000",
            "investmentIncomeNet": "None",
            "netInterestIncome": "5791000000",
            "interestIncome": "7092000000",
            "interestExpense": "1301000000",
            "nonInterestIncome": "1292000000",
            "otherNonOperatingIncome": "None",
            "depreciation": "None",
            "depreciationAndAmortization": "704000000",
            "incomeBeforeTax": "1721000000",
            "incomeTaxExpense": "309000000",
            "interestAndDebtExpense": "1301000000",
            "netIncomeFromContinuingOperations": "1410000000",
            "comprehensiveIncomeNetOfTax": "2015000000",
            "ebit": "3022000000",
            "ebitda": "3726000000",
            "netIncome": "1412000000"
        },
        {
            "fiscalDateEnding": "2018-12-31",
            "reportedCurrency": "USD",
            "grossProfit": "1243000000",
            "totalRevenue": "7013000000",
            "costOfRevenue": "5770000000",
            "costofGoodsAndServicesSold": "6776000000",
            "operatingIncome": "-2117000000",
            "sellingGeneralAndAdministrative": "2259000000",
            "researchAndDevelopment": "None",
            "operatingExpenses": "3360000000",
            "investmentIncomeNet": "None",
            "netInterestIncome": "5820000000",
            "interestIncome": "7048000000",
            "interestExpense": "1228000000",
            "nonInterestIncome": "1193000000",
            "otherNonOperatingIncome": "None",
            "depreciation": "None",
            "depreciationAndAmortization": "675000000",
            "incomeBeforeTax": "1240000000",
            "incomeTaxExpense": "-21000000",
            "interestAndDebtExpense": "1228000000",
            "netIncomeFromContinuingOperations": "1264000000",
            "comprehensiveIncomeNetOfTax": "1875000000",
            "ebit": "2468000000",
            "ebitda": "3143000000",
            "netIncome": "1261000000"
        },
        {
            "fiscalDateEnding": "2018-09-30",
            "reportedCurrency": "USD",
            "grossProfit": "1921000000",
            "totalRevenue": "6962000000",
            "costOfRevenue": "5041000000",
            "costofGoodsAndServicesSold": "5538000000",
            "operatingIncome": "272000000",
            "sellingGeneralAndAdministrative": "1330000000",
            "researchAndDevelopment": "None",
            "operatingExpenses": "1649000000",
            "investmentIncomeNet": "None",
            "netInterestIncome": "5786000000",
            "interestIncome": "6895000000",
            "interestExpense": "1109000000",
            "nonInterestIncome": "1176000000",
            "otherNonOperatingIncome": "None",
            "depreciation": "None",
            "depreciationAndAmortization": "589000000",
            "incomeBeforeTax": "1922000000",
            "incomeTaxExpense": "420000000",
            "interestAndDebtExpense": "1109000000",
            "netIncomeFromContinuingOperations": "1501000000",
            "comprehensiveIncomeNetOfTax": "1418000000",
            "ebit": "3031000000",
            "ebitda": "3620000000",
            "netIncome": "1502000000"
        },
        {
            "fiscalDateEnding": "2018-06-30",
            "reportedCurrency": "USD",
            "grossProfit": "2492000000",
            "totalRevenue": "7192000000",
            "costOfRevenue": "4700000000",
            "costofGoodsAndServicesSold": "5323000000",
            "operatingIncome": "-475000000",
            "sellingGeneralAndAdministrative": "2675000000",
            "researchAndDevelopment": "None",
            "operatingExpenses": "2967000000",
            "investmentIncomeNet": "None",
            "netInterestIncome": "5551000000",
            "interestIncome": "6596000000",
            "interestExpense": "1045000000",
            "nonInterestIncome": "1641000000",
            "otherNonOperatingIncome": "None",
            "depreciation": "None",
            "depreciationAndAmortization": "582000000",
            "incomeBeforeTax": "2481000000",
            "incomeTaxExpense": "575000000",
            "interestAndDebtExpense": "1045000000",
            "netIncomeFromContinuingOperations": "1917000000",
            "comprehensiveIncomeNetOfTax": "1712000000",
            "ebit": "3526000000",
            "ebitda": "4108000000",
            "netIncome": "1906000000"
        },
        {
            "fiscalDateEnding": "2018-03-31",
            "reportedCurrency": "USD",
            "grossProfit": "1662000000",
            "totalRevenue": "6909000000",
            "costOfRevenue": "5247000000",
            "costofGoodsAndServicesSold": "5769000000",
            "operatingIncome": "-1847000000",
            "sellingGeneralAndAdministrative": "2730000000",
            "researchAndDevelopment": "None",
            "operatingExpenses": "3509000000",
            "investmentIncomeNet": "None",
            "netInterestIncome": "5718000000",
            "interestIncome": "6637000000",
            "interestExpense": "919000000",
            "nonInterestIncome": "1191000000",
            "otherNonOperatingIncome": "None",
            "depreciation": "None",
            "depreciationAndAmortization": "550000000",
            "incomeBeforeTax": "1665000000",
            "incomeTaxExpense": "319000000",
            "interestAndDebtExpense": "919000000",
            "netIncomeFromContinuingOperations": "1343000000",
            "comprehensiveIncomeNetOfTax": "874000000",
            "ebit": "2584000000",
            "ebitda": "3134000000",
            "netIncome": "1346000000"
        }
    ]
}