{
    "symbol": "EPAM",
    "annualReports": [
        {
            "fiscalDateEnding": "2022-12-31",
            "reportedCurrency": "USD",
            "grossProfit": "1454378000",
            "totalRevenue": "4741061000",
            "costOfRevenue": "3286683000",
            "costofGoodsAndServicesSold": "3286683000",
            "operatingIncome": "572966000",
            "sellingGeneralAndAdministrative": "872777000",
            "researchAndDevelopment": "None",
            "operatingExpenses": "1001062000",
            "investmentIncomeNet": "None",
            "netInterestIncome": "10025000",
            "interestIncome": "None",
            "interestExpense": "10025000",
            "nonInterestIncome": "4741061000",
            "otherNonOperatingIncome": "-65708000",
            "depreciation": "69000000",
            "depreciationAndAmortization": "92272000",
            "incomeBeforeTax": "507258000",
            "incomeTaxExpense": "87842000",
            "interestAndDebtExpense": "None",
            "netIncomeFromContinuingOperations": "419416000",
            "comprehensiveIncomeNetOfTax": "378302000",
            "ebit": "572966000",
            "ebitda": "665238000",
            "netIncome": "419416000"
        },
        {
            "fiscalDateEnding": "2021-12-31",
            "reportedCurrency": "USD",
            "grossProfit": "1267250000",
            "totalRevenue": "3750947000",
            "costOfRevenue": "2483697000",
            "costofGoodsAndServicesSold": "2483697000",
            "operatingIncome": "542316000",
            "sellingGeneralAndAdministrative": "648736000",
            "researchAndDevelopment": "None",
            "operatingExpenses": "734619000",
            "investmentIncomeNet": "None",
            "netInterestIncome": "-1727000",
            "interestIncome": "None",
            "interestExpense": "1727000",
            "nonInterestIncome": "3750947000",
            "otherNonOperatingIncome": "-8924000",
            "depreciation": "65500000",
            "depreciationAndAmortization": "83395000",
            "incomeBeforeTax": "533392000",
            "incomeTaxExpense": "51740000",
            "interestAndDebtExpense": "None",
            "netIncomeFromContinuingOperations": "481652000",
            "comprehensiveIncomeNetOfTax": "452957000",
            "ebit": "542316000",
            "ebitda": "625711000",
            "netIncome": "481652000"
        },
        {
            "fiscalDateEnding": "2020-12-31",
            "reportedCurrency": "USD",
            "grossProfit": "922289000",
            "totalRevenue": "2654811000",
            "costOfRevenue": "1732522000",
            "costofGoodsAndServicesSold": "1732522000",
            "operatingIncome": "379324000",
            "sellingGeneralAndAdministrative": "484758000",
            "researchAndDevelopment": "None",
            "operatingExpenses": "549885000",
            "investmentIncomeNet": "None",
            "netInterestIncome": "3822000",
            "interestIncome": "3822000",
            "interestExpense": "None",
            "nonInterestIncome": "2654811000",
            "otherNonOperatingIncome": "-845000",
            "depreciation": "50500000",
            "depreciationAndAmortization": "62874000",
            "incomeBeforeTax": "378479000",
            "incomeTaxExpense": "51319000",
            "interestAndDebtExpense": "None",
            "netIncomeFromContinuingOperations": "327160000",
            "comprehensiveIncomeNetOfTax": "333022000",
            "ebit": "379324000",
            "ebitda": "442198000",
            "netIncome": "327160000"
        },
        {
            "fiscalDateEnding": "2019-12-31",
            "reportedCurrency": "USD",
            "grossProfit": "793551000",
            "totalRevenue": "2281749000",
            "costOfRevenue": "1488198000",
            "costofGoodsAndServicesSold": "1488198000",
            "operatingIncome": "302850000",
            "sellingGeneralAndAdministrative": "457433000",
            "researchAndDevelopment": "None",
            "operatingExpenses": "504369000",
            "investmentIncomeNet": "None",
            "netInterestIncome": "8725000",
            "interestIncome": "3324000",
            "interestExpense": "None",
            "nonInterestIncome": "2281749000",
            "otherNonOperatingIncome": "-3324000",
            "depreciation": "35400000",
            "depreciationAndAmortization": "45317000",
            "incomeBeforeTax": "299526000",
            "incomeTaxExpense": "38469000",
            "interestAndDebtExpense": "None",
            "netIncomeFromContinuingOperations": "261057000",
            "comprehensiveIncomeNetOfTax": "271197000",
            "ebit": "302850000",
            "ebitda": "348167000",
            "netIncome": "261057000"
        },
        {
            "fiscalDateEnding": "2018-12-31",
            "reportedCurrency": "USD",
            "grossProfit": "656478000",
            "totalRevenue": "1843399000",
            "costOfRevenue": "1186921000",
            "costofGoodsAndServicesSold": "1186921000",
            "operatingIncome": "245764000",
            "sellingGeneralAndAdministrative": "373587000",
            "researchAndDevelopment": "None",
            "operatingExpenses": "411075000",
            "investmentIncomeNet": "3522000",
            "netInterestIncome": "3522000",
            "interestIncome": "4009000",
            "interestExpense": "None",
            "nonInterestIncome": "1843399000",
            "otherNonOperatingIncome": "4009000",
            "depreciation": "28500000",
            "depreciationAndAmortization": "36640000",
            "incomeBeforeTax": "249773000",
            "incomeTaxExpense": "9517000",
            "interestAndDebtExpense": "None",
            "netIncomeFromContinuingOperations": "240256000",
            "comprehensiveIncomeNetOfTax": "216365000",
            "ebit": "245764000",
            "ebitda": "282404000",
            "netIncome": "240256000"
        }
    ],
    "quarterlyReports": [
        {
            "fiscalDateEnding": "2022-12-31",
            "reportedCurrency": "USD",
            "grossProfit": "437442000",
            "totalRevenue": "1270170000",
            "costOfRevenue": "832728000",
            "costofGoodsAndServicesSold": "832728000",
            "operatingIncome": "170477000",
            "sellingGeneralAndAdministrative": "204952000",
            "researchAndDevelopment": "None",
            "operatingExpenses": "230011000",
            "investmentIncomeNet": "None",
            "netInterestIncome": "4383000",
            "interestIncome": "None",
            "interestExpense": "4383000",
            "nonInterestIncome": "1270170000",
            "otherNonOperatingIncome": "30685000",
            "depreciation": "None",
            "depreciationAndAmortization": "23146000",
            "incomeBeforeTax": "201162000",
            "incomeTaxExpense": "46123000",
            "interestAndDebtExpense": "None",
            "netIncomeFromContinuingOperations": "155039000",
            "comprehensiveIncomeNetOfTax": "198350000",
            "ebit": "170477000",
            "ebitda": "193623000",
            "netIncome": "155039000"
        },
        {
            "fiscalDateEnding": "2022-09-30",
            "reportedCurrency": "USD",
            "grossProfit": "406815000",
            "totalRevenue": "1233611000",
            "costOfRevenue": "826796000",
            "costofGoodsAndServicesSold": "826796000",
            "operatingIncome": "180227000",
            "sellingGeneralAndAdministrative": "198021000",
            "researchAndDevelopment": "None",
            "operatingExpenses": "219897000",
            "investmentIncomeNet": "None",
            "netInterestIncome": "4228000",
            "interestIncome": "4228000",
            "interestExpense": "4228000",
            "nonInterestIncome": "1233611000",
            "otherNonOperatingIncome": "10919000",
            "depreciation": "None",
            "depreciationAndAmortization": "21876000",
            "incomeBeforeTax": "191146000",
            "incomeTaxExpense": "35092000",
            "interestAndDebtExpense": "None",
            "netIncomeFromContinuingOperations": "156054000",
            "comprehensiveIncomeNetOfTax": "93779000",
            "ebit": "180227000",
            "ebitda": "202103000",
            "netIncome": "156054000"
        },
        {
            "fiscalDateEnding": "2022-06-30",
            "reportedCurrency": "USD",
            "grossProfit": "262597000",
            "totalRevenue": "1108920000",
            "costOfRevenue": "846323000",
            "costofGoodsAndServicesSold": "846323000",
            "operatingIncome": "93020000",
            "sellingGeneralAndAdministrative": "232527000",
            "researchAndDevelopment": "None",
            "operatingExpenses": "255518000",
            "investmentIncomeNet": "None",
            "netInterestIncome": "1579000",
            "interestIncome": "1579000",
            "interestExpense": "1579000",
            "nonInterestIncome": "1108920000",
            "otherNonOperatingIncome": "-84362000",
            "depreciation": "None",
            "depreciationAndAmortization": "22991000",
            "incomeBeforeTax": "8658000",
            "incomeTaxExpense": "-9946000",
            "interestAndDebtExpense": "None",
            "netIncomeFromContinuingOperations": "18604000",
            "comprehensiveIncomeNetOfTax": "28397000",
            "ebit": "93020000",
            "ebitda": "116011000",
            "netIncome": "18604000"
        },
        {
            "fiscalDateEnding": "2022-03-31",
            "reportedCurrency": "USD",
            "grossProfit": "326624000",
            "totalRevenue": "1107460000",
            "costOfRevenue": "780836000",
            "costofGoodsAndServicesSold": "780836000",
            "operatingIncome": "129242000",
            "sellingGeneralAndAdministrative": "237277000",
            "researchAndDevelopment": "None",
            "operatingExpenses": "290612000",
            "investmentIncomeNet": "None",
            "netInterestIncome": "-165000",
            "interestIncome": "None",
            "interestExpense": "165000",
            "nonInterestIncome": "1107460000",
            "otherNonOperatingIncome": "-22950000",
            "depreciation": "None",
            "depreciationAndAmortization": "24259000",
            "incomeBeforeTax": "106292000",
            "incomeTaxExpense": "16573000",
            "interestAndDebtExpense": "None",
            "netIncomeFromContinuingOperations": "89719000",
            "comprehensiveIncomeNetOfTax": "57776000",
            "ebit": "129242000",
            "ebitda": "153501000",
            "netIncome": "89719000"
        },
        {
            "fiscalDateEnding": "2021-12-31",
            "reportedCurrency": "USD",
            "grossProfit": "378835000",
            "totalRevenue": "1106102000",
            "costOfRevenue": "727267000",
            "costofGoodsAndServicesSold": "727267000",
            "operatingIncome": "165667000",
            "sellingGeneralAndAdministrative": "190939000",
            "researchAndDevelopment": "None",
            "operatingExpenses": "214445000",
            "investmentIncomeNet": "None",
            "netInterestIncome": "-4356000",
            "interestIncome": "None",
            "interestExpense": "4356000",
            "nonInterestIncome": "1106102000",
            "otherNonOperatingIncome": "-5718000",
            "depreciation": "None",
            "depreciationAndAmortization": "23591000",
            "incomeBeforeTax": "159949000",
            "incomeTaxExpense": "17670000",
            "interestAndDebtExpense": "None",
            "netIncomeFromContinuingOperations": "142279000",
            "comprehensiveIncomeNetOfTax": "129973000",
            "ebit": "165667000",
            "ebitda": "189258000",
            "netIncome": "142279000"
        },
        {
            "fiscalDateEnding": "2021-09-30",
            "reportedCurrency": "USD",
            "grossProfit": "331724000",
            "totalRevenue": "985098000",
            "costOfRevenue": "653374000",
            "costofGoodsAndServicesSold": "653374000",
            "operatingIncome": "144124000",
            "sellingGeneralAndAdministrative": "169498000",
            "researchAndDevelopment": "None",
            "operatingExpenses": "191041000",
            "investmentIncomeNet": "None",
            "netInterestIncome": "-5325000",
            "interestIncome": "None",
            "interestExpense": "5325000",
            "nonInterestIncome": "985098000",
            "otherNonOperatingIncome": "-8766000",
            "depreciation": "None",
            "depreciationAndAmortization": "21543000",
            "incomeBeforeTax": "135358000",
            "incomeTaxExpense": "19702000",
            "interestAndDebtExpense": "None",
            "netIncomeFromContinuingOperations": "115656000",
            "comprehensiveIncomeNetOfTax": "102828000",
            "ebit": "144124000",
            "ebitda": "165667000",
            "netIncome": "115656000"
        },
        {
            "fiscalDateEnding": "2021-06-30",
            "reportedCurrency": "USD",
            "grossProfit": "292945000",
            "totalRevenue": "876673000",
            "costOfRevenue": "583728000",
            "costofGoodsAndServicesSold": "583728000",
            "operatingIncome": "125274000",
            "sellingGeneralAndAdministrative": "151910000",
            "researchAndDevelopment": "None",
            "operatingExpenses": "172764000",
            "investmentIncomeNet": "None",
            "netInterestIncome": "2580000",
            "interestIncome": "2580000",
            "interestExpense": "None",
            "nonInterestIncome": "876673000",
            "otherNonOperatingIncome": "-2113000",
            "depreciation": "None",
            "depreciationAndAmortization": "20454000",
            "incomeBeforeTax": "123161000",
            "incomeTaxExpense": "8490000",
            "interestAndDebtExpense": "None",
            "netIncomeFromContinuingOperations": "114671000",
            "comprehensiveIncomeNetOfTax": "126348000",
            "ebit": "125274000",
            "ebitda": "145728000",
            "netIncome": "114671000"
        },
        {
            "fiscalDateEnding": "2021-03-31",
            "reportedCurrency": "USD",
            "grossProfit": "263746000",
            "totalRevenue": "783074000",
            "costOfRevenue": "519328000",
            "costofGoodsAndServicesSold": "519328000",
            "operatingIncome": "107251000",
            "sellingGeneralAndAdministrative": "136389000",
            "researchAndDevelopment": "None",
            "operatingExpenses": "157121000",
            "investmentIncomeNet": "None",
            "netInterestIncome": "5374000",
            "interestIncome": "5374000",
            "interestExpense": "None",
            "nonInterestIncome": "783074000",
            "otherNonOperatingIncome": "7673000",
            "depreciation": "None",
            "depreciationAndAmortization": "17807000",
            "incomeBeforeTax": "114924000",
            "incomeTaxExpense": "5878000",
            "interestAndDebtExpense": "None",
            "netIncomeFromContinuingOperations": "109046000",
            "comprehensiveIncomeNetOfTax": "93808000",
            "ebit": "107251000",
            "ebitda": "125058000",
            "netIncome": "109046000"
        },
        {
            "fiscalDateEnding": "2020-12-31",
            "reportedCurrency": "USD",
            "grossProfit": "249781000",
            "totalRevenue": "715573000",
            "costOfRevenue": "465792000",
            "costofGoodsAndServicesSold": "465792000",
            "operatingIncome": "111993000",
            "sellingGeneralAndAdministrative": "128929000",
            "researchAndDevelopment": "None",
            "operatingExpenses": "145708000",
            "investmentIncomeNet": "None",
            "netInterestIncome": "-2053000",
            "interestIncome": "None",
            "interestExpense": "2053000",
            "nonInterestIncome": "715573000",
            "otherNonOperatingIncome": "-9973000",
            "depreciation": "None",
            "depreciationAndAmortization": "16779000",
            "incomeBeforeTax": "102020000",
            "incomeTaxExpense": "16481000",
            "interestAndDebtExpense": "None",
            "netIncomeFromContinuingOperations": "85539000",
            "comprehensiveIncomeNetOfTax": "110699000",
            "ebit": "111993000",
            "ebitda": "128772000",
            "netIncome": "85539000"
        },
        {
            "fiscalDateEnding": "2020-09-30",
            "reportedCurrency": "USD",
            "grossProfit": "234751000",
            "totalRevenue": "658139000",
            "costOfRevenue": "423388000",
            "costofGoodsAndServicesSold": "423388000",
            "operatingIncome": "96396000",
            "sellingGeneralAndAdministrative": "116530000",
            "researchAndDevelopment": "None",
            "operatingExpenses": "132459000",
            "investmentIncomeNet": "None",
            "netInterestIncome": "1672000",
            "interestIncome": "1672000",
            "interestExpense": "None",
            "nonInterestIncome": "658139000",
            "otherNonOperatingIncome": "7568000",
            "depreciation": "None",
            "depreciationAndAmortization": "15929000",
            "incomeBeforeTax": "103964000",
            "incomeTaxExpense": "14532000",
            "interestAndDebtExpense": "None",
            "netIncomeFromContinuingOperations": "89432000",
            "comprehensiveIncomeNetOfTax": "89133000",
            "ebit": "96396000",
            "ebitda": "112325000",
            "netIncome": "89432000"
        },
        {
            "fiscalDateEnding": "2020-06-30",
            "reportedCurrency": "USD",
            "grossProfit": "203676000",
            "totalRevenue": "623216000",
            "costOfRevenue": "419540000",
            "costofGoodsAndServicesSold": "419540000",
            "operatingIncome": "83426000",
            "sellingGeneralAndAdministrative": "114191000",
            "researchAndDevelopment": "None",
            "operatingExpenses": "129417000",
            "investmentIncomeNet": "None",
            "netInterestIncome": "1817000",
            "interestIncome": "1817000",
            "interestExpense": "None",
            "nonInterestIncome": "623216000",
            "otherNonOperatingIncome": "-7350000",
            "depreciation": "None",
            "depreciationAndAmortization": "15226000",
            "incomeBeforeTax": "76076000",
            "incomeTaxExpense": "9452000",
            "interestAndDebtExpense": "None",
            "netIncomeFromContinuingOperations": "66624000",
            "comprehensiveIncomeNetOfTax": "85512000",
            "ebit": "83426000",
            "ebitda": "98652000",
            "netIncome": "66624000"
        },
        {
            "fiscalDateEnding": "2020-03-31",
            "reportedCurrency": "USD",
            "grossProfit": "234081000",
            "totalRevenue": "657883000",
            "costOfRevenue": "423802000",
            "costofGoodsAndServicesSold": "423802000",
            "operatingIncome": "87509000",
            "sellingGeneralAndAdministrative": "125108000",
            "researchAndDevelopment": "None",
            "operatingExpenses": "142767000",
            "investmentIncomeNet": "None",
            "netInterestIncome": "2386000",
            "interestIncome": "8910000",
            "interestExpense": "None",
            "nonInterestIncome": "657883000",
            "otherNonOperatingIncome": "8910000",
            "depreciation": "None",
            "depreciationAndAmortization": "14940000",
            "incomeBeforeTax": "96419000",
            "incomeTaxExpense": "10854000",
            "interestAndDebtExpense": "None",
            "netIncomeFromContinuingOperations": "85565000",
            "comprehensiveIncomeNetOfTax": "47678000",
            "ebit": "87509000",
            "ebitda": "102449000",
            "netIncome": "85565000"
        },
        {
            "fiscalDateEnding": "2019-12-31",
            "reportedCurrency": "USD",
            "grossProfit": "220808000",
            "totalRevenue": "630877000",
            "costOfRevenue": "410069000",
            "costofGoodsAndServicesSold": "410069000",
            "operatingIncome": "84745000",
            "sellingGeneralAndAdministrative": "124999000",
            "researchAndDevelopment": "None",
            "operatingExpenses": "137961000",
            "investmentIncomeNet": "None",
            "netInterestIncome": "1950000",
            "interestIncome": "52000",
            "interestExpense": "None",
            "nonInterestIncome": "630877000",
            "otherNonOperatingIncome": "52000",
            "depreciation": "None",
            "depreciationAndAmortization": "12962000",
            "incomeBeforeTax": "84797000",
            "incomeTaxExpense": "10273000",
            "interestAndDebtExpense": "None",
            "netIncomeFromContinuingOperations": "74524000",
            "comprehensiveIncomeNetOfTax": "86741000",
            "ebit": "84745000",
            "ebitda": "97707000",
            "netIncome": "74524000"
        },
        {
            "fiscalDateEnding": "2019-09-30",
            "reportedCurrency": "USD",
            "grossProfit": "207473000",
            "totalRevenue": "584998000",
            "costOfRevenue": "377525000",
            "costofGoodsAndServicesSold": "377525000",
            "operatingIncome": "80565000",
            "sellingGeneralAndAdministrative": "118886000",
            "researchAndDevelopment": "None",
            "operatingExpenses": "130013000",
            "investmentIncomeNet": "None",
            "netInterestIncome": "2509000",
            "interestIncome": "596000",
            "interestExpense": "None",
            "nonInterestIncome": "584998000",
            "otherNonOperatingIncome": "-596000",
            "depreciation": "None",
            "depreciationAndAmortization": "11127000",
            "incomeBeforeTax": "79969000",
            "incomeTaxExpense": "12967000",
            "interestAndDebtExpense": "None",
            "netIncomeFromContinuingOperations": "67002000",
            "comprehensiveIncomeNetOfTax": "54725000",
            "ebit": "80565000",
            "ebitda": "91692000",
            "netIncome": "67002000"
        },
        {
            "fiscalDateEnding": "2019-06-30",
            "reportedCurrency": "USD",
            "grossProfit": "192110000",
            "totalRevenue": "548025000",
            "costOfRevenue": "355915000",
            "costofGoodsAndServicesSold": "355915000",
            "operatingIncome": "72882000",
            "sellingGeneralAndAdministrative": "111762000",
            "researchAndDevelopment": "None",
            "operatingExpenses": "122790000",
            "investmentIncomeNet": "None",
            "netInterestIncome": "1190000",
            "interestIncome": "2372000",
            "interestExpense": "None",
            "nonInterestIncome": "548025000",
            "otherNonOperatingIncome": "-2372000",
            "depreciation": "None",
            "depreciationAndAmortization": "11028000",
            "incomeBeforeTax": "70510000",
            "incomeTaxExpense": "11733000",
            "interestAndDebtExpense": "None",
            "netIncomeFromContinuingOperations": "58777000",
            "comprehensiveIncomeNetOfTax": "62934000",
            "ebit": "72882000",
            "ebitda": "83910000",
            "netIncome": "58777000"
        },
        {
            "fiscalDateEnding": "2019-03-31",
            "reportedCurrency": "USD",
            "grossProfit": "173160000",
            "totalRevenue": "517849000",
            "costOfRevenue": "344689000",
            "costofGoodsAndServicesSold": "344689000",
            "operatingIncome": "64658000",
            "sellingGeneralAndAdministrative": "101786000",
            "researchAndDevelopment": "None",
            "operatingExpenses": "111986000",
            "investmentIncomeNet": "None",
            "netInterestIncome": "3076000",
            "interestIncome": "408000",
            "interestExpense": "None",
            "nonInterestIncome": "517849000",
            "otherNonOperatingIncome": "-408000",
            "depreciation": "None",
            "depreciationAndAmortization": "10200000",
            "incomeBeforeTax": "64250000",
            "incomeTaxExpense": "3496000",
            "interestAndDebtExpense": "None",
            "netIncomeFromContinuingOperations": "60754000",
            "comprehensiveIncomeNetOfTax": "66797000",
            "ebit": "64658000",
            "ebitda": "74858000",
            "netIncome": "60754000"
        },
        {
            "fiscalDateEnding": "2018-12-31",
            "reportedCurrency": "USD",
            "grossProfit": "185318000",
            "totalRevenue": "504349000",
            "costOfRevenue": "319031000",
            "costofGoodsAndServicesSold": "319031000",
            "operatingIncome": "78270000",
            "sellingGeneralAndAdministrative": "97447000",
            "researchAndDevelopment": "None",
            "operatingExpenses": "107630000",
            "investmentIncomeNet": "1080000",
            "netInterestIncome": "None",
            "interestIncome": "None",
            "interestExpense": "None",
            "nonInterestIncome": "504349000",
            "otherNonOperatingIncome": "498000",
            "depreciation": "None",
            "depreciationAndAmortization": "10183000",
            "incomeBeforeTax": "78768000",
            "incomeTaxExpense": "18803000",
            "interestAndDebtExpense": "None",
            "netIncomeFromContinuingOperations": "59965000",
            "comprehensiveIncomeNetOfTax": "52798000",
            "ebit": "78270000",
            "ebitda": "88453000",
            "netIncome": "59965000"
        },
        {
            "fiscalDateEnding": "2018-09-30",
            "reportedCurrency": "USD",
            "grossProfit": "166591000",
            "totalRevenue": "467672000",
            "costOfRevenue": "301081000",
            "costofGoodsAndServicesSold": "301081000",
            "operatingIncome": "64560000",
            "sellingGeneralAndAdministrative": "93226000",
            "researchAndDevelopment": "None",
            "operatingExpenses": "101809000",
            "investmentIncomeNet": "1941000",
            "netInterestIncome": "None",
            "interestIncome": "None",
            "interestExpense": "None",
            "nonInterestIncome": "467672000",
            "otherNonOperatingIncome": "1427000",
            "depreciation": "None",
            "depreciationAndAmortization": "9319000",
            "incomeBeforeTax": "65987000",
            "incomeTaxExpense": "369000",
            "interestAndDebtExpense": "None",
            "netIncomeFromContinuingOperations": "65618000",
            "comprehensiveIncomeNetOfTax": "63426000",
            "ebit": "64560000",
            "ebitda": "73879000",
            "netIncome": "65618000"
        },
        {
            "fiscalDateEnding": "2018-06-30",
            "reportedCurrency": "USD",
            "grossProfit": "156472000",
            "totalRevenue": "445647000",
            "costOfRevenue": "289175000",
            "costofGoodsAndServicesSold": "289175000",
            "operatingIncome": "54237000",
            "sellingGeneralAndAdministrative": "93273000",
            "researchAndDevelopment": "None",
            "operatingExpenses": "100805000",
            "investmentIncomeNet": "1052000",
            "netInterestIncome": "None",
            "interestIncome": "None",
            "interestExpense": "551000",
            "nonInterestIncome": "1830000",
            "otherNonOperatingIncome": "2882000",
            "depreciation": "None",
            "depreciationAndAmortization": "8962000",
            "incomeBeforeTax": "57119000",
            "incomeTaxExpense": "6864000",
            "interestAndDebtExpense": "None",
            "netIncomeFromContinuingOperations": "50255000",
            "comprehensiveIncomeNetOfTax": "32345000",
            "ebit": "54237000",
            "ebitda": "63199000",
            "netIncome": "50255000"
        },
        {
            "fiscalDateEnding": "2018-03-31",
            "reportedCurrency": "USD",
            "grossProfit": "146514000",
            "totalRevenue": "424148000",
            "costOfRevenue": "277634000",
            "costofGoodsAndServicesSold": "277634000",
            "operatingIncome": "48697000",
            "sellingGeneralAndAdministrative": "89641000",
            "researchAndDevelopment": "None",
            "operatingExpenses": "96152000",
            "investmentIncomeNet": "-551000",
            "netInterestIncome": "None",
            "interestIncome": "None",
            "interestExpense": "551000",
            "nonInterestIncome": "-247000",
            "otherNonOperatingIncome": "-798000",
            "depreciation": "None",
            "depreciationAndAmortization": "8176000",
            "incomeBeforeTax": "47899000",
            "incomeTaxExpense": "-16519000",
            "interestAndDebtExpense": "None",
            "netIncomeFromContinuingOperations": "64418000",
            "comprehensiveIncomeNetOfTax": "67796000",
            "ebit": "48697000",
            "ebitda": "56873000",
            "netIncome": "64418000"
        }
    ]
}