{
    "symbol": "GS",
    "annualReports": [
        {
            "fiscalDateEnding": "2022-12-31",
            "reportedCurrency": "USD",
            "grossProfit": "19783000000",
            "totalRevenue": "68711000000",
            "costOfRevenue": "33879000000",
            "costofGoodsAndServicesSold": "26658000000",
            "operatingIncome": "11795000000",
            "sellingGeneralAndAdministrative": "5533000000",
            "researchAndDevelopment": "None",
            "operatingExpenses": "7988000000",
            "investmentIncomeNet": "None",
            "netInterestIncome": "7678000000",
            "interestIncome": "29024000000",
            "interestExpense": "21346000000",
            "nonInterestIncome": "39687000000",
            "otherNonOperatingIncome": "None",
            "depreciation": "None",
            "depreciationAndAmortization": "2455000000",
            "incomeBeforeTax": "13486000000",
            "incomeTaxExpense": "2225000000",
            "interestAndDebtExpense": "21346000000",
            "netIncomeFromContinuingOperations": "11261000000",
            "comprehensiveIncomeNetOfTax": "10319000000",
            "ebit": "34832000000",
            "ebitda": "37287000000",
            "netIncome": "11261000000"
        },
        {
            "fiscalDateEnding": "2021-12-31",
            "reportedCurrency": "USD",
            "grossProfit": "31806000000",
            "totalRevenue": "64989000000",
            "costOfRevenue": "32295000000",
            "costofGoodsAndServicesSold": "10360000000",
            "operatingIncome": "25036000000",
            "sellingGeneralAndAdministrative": "4755000000",
            "researchAndDevelopment": "None",
            "operatingExpenses": "6770000000",
            "investmentIncomeNet": "None",
            "netInterestIncome": "6470000000",
            "interestIncome": "12120000000",
            "interestExpense": "5650000000",
            "nonInterestIncome": "52869000000",
            "otherNonOperatingIncome": "None",
            "depreciation": "None",
            "depreciationAndAmortization": "2015000000",
            "incomeBeforeTax": "27044000000",
            "incomeTaxExpense": "5409000000",
            "interestAndDebtExpense": "5650000000",
            "netIncomeFromContinuingOperations": "21635000000",
            "comprehensiveIncomeNetOfTax": "21001000000",
            "ebit": "32694000000",
            "ebitda": "34709000000",
            "netIncome": "21635000000"
        },
        {
            "fiscalDateEnding": "2020-12-31",
            "reportedCurrency": "USD",
            "grossProfit": "14371000000",
            "totalRevenue": "53498000000",
            "costOfRevenue": "32081000000",
            "costofGoodsAndServicesSold": "13079000000",
            "operatingIncome": "8284000000",
            "sellingGeneralAndAdministrative": "4014000000",
            "researchAndDevelopment": "None",
            "operatingExpenses": "6087000000",
            "investmentIncomeNet": "None",
            "netInterestIncome": "4751000000",
            "interestIncome": "13689000000",
            "interestExpense": "8938000000",
            "nonInterestIncome": "39809000000",
            "otherNonOperatingIncome": "None",
            "depreciation": "None",
            "depreciationAndAmortization": "1902000000",
            "incomeBeforeTax": "12479000000",
            "incomeTaxExpense": "3020000000",
            "interestAndDebtExpense": "8937000000",
            "netIncomeFromContinuingOperations": "9459000000",
            "comprehensiveIncomeNetOfTax": "9509000000",
            "ebit": "21417000000",
            "ebitda": "23319000000",
            "netIncome": "9459000000"
        },
        {
            "fiscalDateEnding": "2019-12-31",
            "reportedCurrency": "USD",
            "grossProfit": "15869000000",
            "totalRevenue": "53922000000",
            "costOfRevenue": "25963000000",
            "costofGoodsAndServicesSold": "20628000000",
            "operatingIncome": "8674000000",
            "sellingGeneralAndAdministrative": "4251000000",
            "researchAndDevelopment": "None",
            "operatingExpenses": "7195000000",
            "investmentIncomeNet": "None",
            "netInterestIncome": "4362000000",
            "interestIncome": "21738000000",
            "interestExpense": "17376000000",
            "nonInterestIncome": "32184000000",
            "otherNonOperatingIncome": "None",
            "depreciation": "None",
            "depreciationAndAmortization": "1704000000",
            "incomeBeforeTax": "10583000000",
            "incomeTaxExpense": "2117000000",
            "interestAndDebtExpense": "17356000000",
            "netIncomeFromContinuingOperations": "8466000000",
            "comprehensiveIncomeNetOfTax": "6289000000",
            "ebit": "27959000000",
            "ebitda": "29663000000",
            "netIncome": "8466000000"
        },
        {
            "fiscalDateEnding": "2018-12-31",
            "reportedCurrency": "USD",
            "grossProfit": "18373000000",
            "totalRevenue": "52528000000",
            "costOfRevenue": "24135000000",
            "costofGoodsAndServicesSold": "19112000000",
            "operatingIncome": "12123000000",
            "sellingGeneralAndAdministrative": "4078000000",
            "researchAndDevelopment": "None",
            "operatingExpenses": "6250000000",
            "investmentIncomeNet": "None",
            "netInterestIncome": "3767000000",
            "interestIncome": "19679000000",
            "interestExpense": "15912000000",
            "nonInterestIncome": "32849000000",
            "otherNonOperatingIncome": "None",
            "depreciation": "None",
            "depreciationAndAmortization": "1328000000",
            "incomeBeforeTax": "12481000000",
            "incomeTaxExpense": "2022000000",
            "interestAndDebtExpense": "15752000000",
            "netIncomeFromContinuingOperations": "10459000000",
            "comprehensiveIncomeNetOfTax": "13032000000",
            "ebit": "28393000000",
            "ebitda": "29721000000",
            "netIncome": "10459000000"
        }
    ],
    "quarterlyReports": [
        {
            "fiscalDateEnding": "2022-12-31",
            "reportedCurrency": "USD",
            "grossProfit": "3903000000",
            "totalRevenue": "20930000000",
            "costOfRevenue": "9063000000",
            "costofGoodsAndServicesSold": "11771000000",
            "operatingIncome": "1723000000",
            "sellingGeneralAndAdministrative": "1453000000",
            "researchAndDevelopment": "None",
            "operatingExpenses": "2180000000",
            "investmentIncomeNet": "None",
            "netInterestIncome": "2074000000",
            "interestIncome": "12411000000",
            "interestExpense": "10337000000",
            "nonInterestIncome": "8519000000",
            "otherNonOperatingIncome": "None",
            "depreciation": "None",
            "depreciationAndAmortization": "727000000",
            "incomeBeforeTax": "1530000000",
            "incomeTaxExpense": "204000000",
            "interestAndDebtExpense": "10337000000",
            "netIncomeFromContinuingOperations": "1326000000",
            "comprehensiveIncomeNetOfTax": "188000000",
            "ebit": "11867000000",
            "ebitda": "12594000000",
            "netIncome": "1326000000"
        },
        {
            "fiscalDateEnding": "2022-09-30",
            "reportedCurrency": "USD",
            "grossProfit": "5738000000",
            "totalRevenue": "18482000000",
            "costOfRevenue": "8219000000",
            "costofGoodsAndServicesSold": "7824000000",
            "operatingIncome": "3694000000",
            "sellingGeneralAndAdministrative": "1378000000",
            "researchAndDevelopment": "None",
            "operatingExpenses": "2044000000",
            "investmentIncomeNet": "None",
            "netInterestIncome": "2043000000",
            "interestIncome": "8550000000",
            "interestExpense": "6507000000",
            "nonInterestIncome": "9932000000",
            "otherNonOperatingIncome": "None",
            "depreciation": "None",
            "depreciationAndAmortization": "666000000",
            "incomeBeforeTax": "3756000000",
            "incomeTaxExpense": "687000000",
            "interestAndDebtExpense": "6507000000",
            "netIncomeFromContinuingOperations": "3069000000",
            "comprehensiveIncomeNetOfTax": "3151000000",
            "ebit": "10263000000",
            "ebitda": "10929000000",
            "netIncome": "3069000000"
        },
        {
            "fiscalDateEnding": "2022-06-30",
            "reportedCurrency": "USD",
            "grossProfit": "4651000000",
            "totalRevenue": "14981000000",
            "costOfRevenue": "8320000000",
            "costofGoodsAndServicesSold": "3954000000",
            "operatingIncome": "2653000000",
            "sellingGeneralAndAdministrative": "1428000000",
            "researchAndDevelopment": "None",
            "operatingExpenses": "1998000000",
            "investmentIncomeNet": "None",
            "netInterestIncome": "1734000000",
            "interestIncome": "4851000000",
            "interestExpense": "3117000000",
            "nonInterestIncome": "10130000000",
            "otherNonOperatingIncome": "None",
            "depreciation": "None",
            "depreciationAndAmortization": "570000000",
            "incomeBeforeTax": "3544000000",
            "incomeTaxExpense": "617000000",
            "interestAndDebtExpense": "3117000000",
            "netIncomeFromContinuingOperations": "2927000000",
            "comprehensiveIncomeNetOfTax": "3657000000",
            "ebit": "6661000000",
            "ebitda": "7231000000",
            "netIncome": "2927000000"
        },
        {
            "fiscalDateEnding": "2022-03-31",
            "reportedCurrency": "USD",
            "grossProfit": "5491000000",
            "totalRevenue": "14318000000",
            "costOfRevenue": "8277000000",
            "costofGoodsAndServicesSold": "4334000000",
            "operatingIncome": "3725000000",
            "sellingGeneralAndAdministrative": "1274000000",
            "researchAndDevelopment": "None",
            "operatingExpenses": "1766000000",
            "investmentIncomeNet": "None",
            "netInterestIncome": "1827000000",
            "interestIncome": "3212000000",
            "interestExpense": "1385000000",
            "nonInterestIncome": "11106000000",
            "otherNonOperatingIncome": "None",
            "depreciation": "None",
            "depreciationAndAmortization": "492000000",
            "incomeBeforeTax": "4656000000",
            "incomeTaxExpense": "717000000",
            "interestAndDebtExpense": "1385000000",
            "netIncomeFromContinuingOperations": "3939000000",
            "comprehensiveIncomeNetOfTax": "3323000000",
            "ebit": "6041000000",
            "ebitda": "6533000000",
            "netIncome": "3939000000"
        },
        {
            "fiscalDateEnding": "2021-12-31",
            "reportedCurrency": "USD",
            "grossProfit": "5938000000",
            "totalRevenue": "13854000000",
            "costOfRevenue": "7614000000",
            "costofGoodsAndServicesSold": "2405000000",
            "operatingIncome": "4062000000",
            "sellingGeneralAndAdministrative": "1388000000",
            "researchAndDevelopment": "None",
            "operatingExpenses": "1876000000",
            "investmentIncomeNet": "None",
            "netInterestIncome": "1795000000",
            "interestIncome": "3010000000",
            "interestExpense": "1215000000",
            "nonInterestIncome": "10844000000",
            "otherNonOperatingIncome": "None",
            "depreciation": "None",
            "depreciationAndAmortization": "488000000",
            "incomeBeforeTax": "5025000000",
            "incomeTaxExpense": "1090000000",
            "interestAndDebtExpense": "1215000000",
            "netIncomeFromContinuingOperations": "3935000000",
            "comprehensiveIncomeNetOfTax": "3823000000",
            "ebit": "6240000000",
            "ebitda": "6728000000",
            "netIncome": "3935000000"
        },
        {
            "fiscalDateEnding": "2021-09-30",
            "reportedCurrency": "USD",
            "grossProfit": "7926000000",
            "totalRevenue": "15161000000",
            "costOfRevenue": "6766000000",
            "costofGoodsAndServicesSold": "2692000000",
            "operatingIncome": "6183000000",
            "sellingGeneralAndAdministrative": "1234000000",
            "researchAndDevelopment": "None",
            "operatingExpenses": "1743000000",
            "investmentIncomeNet": "None",
            "netInterestIncome": "1564000000",
            "interestIncome": "3117000000",
            "interestExpense": "1553000000",
            "nonInterestIncome": "12044000000",
            "otherNonOperatingIncome": "None",
            "depreciation": "None",
            "depreciationAndAmortization": "509000000",
            "incomeBeforeTax": "6842000000",
            "incomeTaxExpense": "1464000000",
            "interestAndDebtExpense": "1553000000",
            "netIncomeFromContinuingOperations": "5378000000",
            "comprehensiveIncomeNetOfTax": "5311000000",
            "ebit": "8395000000",
            "ebitda": "8904000000",
            "netIncome": "5378000000"
        },
        {
            "fiscalDateEnding": "2021-06-30",
            "reportedCurrency": "USD",
            "grossProfit": "8144000000",
            "totalRevenue": "16698000000",
            "costOfRevenue": "8548000000",
            "costofGoodsAndServicesSold": "2435000000",
            "operatingIncome": "6553000000",
            "sellingGeneralAndAdministrative": "1071000000",
            "researchAndDevelopment": "None",
            "operatingExpenses": "1591000000",
            "investmentIncomeNet": "None",
            "netInterestIncome": "1629000000",
            "interestIncome": "2939000000",
            "interestExpense": "1310000000",
            "nonInterestIncome": "13759000000",
            "otherNonOperatingIncome": "None",
            "depreciation": "None",
            "depreciationAndAmortization": "520000000",
            "incomeBeforeTax": "6840000000",
            "incomeTaxExpense": "1354000000",
            "interestAndDebtExpense": "1310000000",
            "netIncomeFromContinuingOperations": "5486000000",
            "comprehensiveIncomeNetOfTax": "5671000000",
            "ebit": "8150000000",
            "ebitda": "8670000000",
            "netIncome": "5486000000"
        },
        {
            "fiscalDateEnding": "2021-03-31",
            "reportedCurrency": "USD",
            "grossProfit": "9798000000",
            "totalRevenue": "19276000000",
            "costOfRevenue": "9367000000",
            "costofGoodsAndServicesSold": "2828000000",
            "operatingIncome": "8238000000",
            "sellingGeneralAndAdministrative": "1062000000",
            "researchAndDevelopment": "None",
            "operatingExpenses": "1560000000",
            "investmentIncomeNet": "None",
            "netInterestIncome": "1482000000",
            "interestIncome": "3054000000",
            "interestExpense": "1572000000",
            "nonInterestIncome": "16222000000",
            "otherNonOperatingIncome": "None",
            "depreciation": "None",
            "depreciationAndAmortization": "498000000",
            "incomeBeforeTax": "8337000000",
            "incomeTaxExpense": "1501000000",
            "interestAndDebtExpense": "1572000000",
            "netIncomeFromContinuingOperations": "6836000000",
            "comprehensiveIncomeNetOfTax": "6196000000",
            "ebit": "9909000000",
            "ebitda": "10407000000",
            "netIncome": "6836000000"
        },
        {
            "fiscalDateEnding": "2020-12-31",
            "reportedCurrency": "USD",
            "grossProfit": "6401000000",
            "totalRevenue": "13304000000",
            "costOfRevenue": "6200000000",
            "costofGoodsAndServicesSold": "2649000000",
            "operatingIncome": "4698000000",
            "sellingGeneralAndAdministrative": "1034000000",
            "researchAndDevelopment": "None",
            "operatingExpenses": "1703000000",
            "investmentIncomeNet": "None",
            "netInterestIncome": "1410000000",
            "interestIncome": "2973000000",
            "interestExpense": "1563000000",
            "nonInterestIncome": "10331000000",
            "otherNonOperatingIncome": "None",
            "depreciation": "None",
            "depreciationAndAmortization": "498000000",
            "incomeBeforeTax": "5541000000",
            "incomeTaxExpense": "1035000000",
            "interestAndDebtExpense": "1563000000",
            "netIncomeFromContinuingOperations": "4506000000",
            "comprehensiveIncomeNetOfTax": "3707000000",
            "ebit": "7104000000",
            "ebitda": "7602000000",
            "netIncome": "4506000000"
        },
        {
            "fiscalDateEnding": "2020-09-30",
            "reportedCurrency": "USD",
            "grossProfit": "5080000000",
            "totalRevenue": "12629000000",
            "costOfRevenue": "6482000000",
            "costofGoodsAndServicesSold": "2759000000",
            "operatingIncome": "3669000000",
            "sellingGeneralAndAdministrative": "943000000",
            "researchAndDevelopment": "None",
            "operatingExpenses": "1411000000",
            "investmentIncomeNet": "None",
            "netInterestIncome": "1084000000",
            "interestIncome": "2932000000",
            "interestExpense": "1848000000",
            "nonInterestIncome": "9697000000",
            "otherNonOperatingIncome": "None",
            "depreciation": "None",
            "depreciationAndAmortization": "468000000",
            "incomeBeforeTax": "4299000000",
            "incomeTaxExpense": "932000000",
            "interestAndDebtExpense": "1848000000",
            "netIncomeFromContinuingOperations": "3367000000",
            "comprehensiveIncomeNetOfTax": "3073000000",
            "ebit": "6147000000",
            "ebitda": "6615000000",
            "netIncome": "3367000000"
        },
        {
            "fiscalDateEnding": "2020-06-30",
            "reportedCurrency": "USD",
            "grossProfit": "808000000",
            "totalRevenue": "15385000000",
            "costOfRevenue": "12004000000",
            "costofGoodsAndServicesSold": "3035000000",
            "operatingIncome": "-669000000",
            "sellingGeneralAndAdministrative": "978000000",
            "researchAndDevelopment": "None",
            "operatingExpenses": "1477000000",
            "investmentIncomeNet": "None",
            "netInterestIncome": "944000000",
            "interestIncome": "3034000000",
            "interestExpense": "2090000000",
            "nonInterestIncome": "12351000000",
            "otherNonOperatingIncome": "None",
            "depreciation": "None",
            "depreciationAndAmortization": "499000000",
            "incomeBeforeTax": "1291000000",
            "incomeTaxExpense": "918000000",
            "interestAndDebtExpense": "2090000000",
            "netIncomeFromContinuingOperations": "373000000",
            "comprehensiveIncomeNetOfTax": "-1905000000",
            "ebit": "3381000000",
            "ebitda": "3880000000",
            "netIncome": "373000000"
        },
        {
            "fiscalDateEnding": "2020-03-31",
            "reportedCurrency": "USD",
            "grossProfit": "2082000000",
            "totalRevenue": "12180000000",
            "costOfRevenue": "7395000000",
            "costofGoodsAndServicesSold": "4412000000",
            "operatingIncome": "586000000",
            "sellingGeneralAndAdministrative": "1059000000",
            "researchAndDevelopment": "None",
            "operatingExpenses": "1496000000",
            "investmentIncomeNet": "None",
            "netInterestIncome": "1313000000",
            "interestIncome": "4750000000",
            "interestExpense": "3437000000",
            "nonInterestIncome": "7430000000",
            "otherNonOperatingIncome": "None",
            "depreciation": "None",
            "depreciationAndAmortization": "437000000",
            "incomeBeforeTax": "1348000000",
            "incomeTaxExpense": "135000000",
            "interestAndDebtExpense": "3436000000",
            "netIncomeFromContinuingOperations": "1213000000",
            "comprehensiveIncomeNetOfTax": "4634000000",
            "ebit": "4785000000",
            "ebitda": "5222000000",
            "netIncome": "1213000000"
        },
        {
            "fiscalDateEnding": "2019-12-31",
            "reportedCurrency": "USD",
            "grossProfit": "3331000000",
            "totalRevenue": "13812000000",
            "costOfRevenue": "7634000000",
            "costofGoodsAndServicesSold": "4671000000",
            "operatingIncome": "435000000",
            "sellingGeneralAndAdministrative": "1192000000",
            "researchAndDevelopment": "None",
            "operatingExpenses": "2896000000",
            "investmentIncomeNet": "None",
            "netInterestIncome": "1065000000",
            "interestIncome": "4922000000",
            "interestExpense": "3857000000",
            "nonInterestIncome": "8890000000",
            "otherNonOperatingIncome": "None",
            "depreciation": "None",
            "depreciationAndAmortization": "464000000",
            "incomeBeforeTax": "2321000000",
            "incomeTaxExpense": "404000000",
            "interestAndDebtExpense": "3837000000",
            "netIncomeFromContinuingOperations": "1917000000",
            "comprehensiveIncomeNetOfTax": "917000000",
            "ebit": "6178000000",
            "ebitda": "6642000000",
            "netIncome": "1917000000"
        },
        {
            "fiscalDateEnding": "2019-09-30",
            "reportedCurrency": "USD",
            "grossProfit": "3800000000",
            "totalRevenue": "12774000000",
            "costOfRevenue": "5907000000",
            "costofGoodsAndServicesSold": "5304000000",
            "operatingIncome": "2273000000",
            "sellingGeneralAndAdministrative": "1054000000",
            "researchAndDevelopment": "None",
            "operatingExpenses": "1527000000",
            "investmentIncomeNet": "None",
            "netInterestIncome": "1008000000",
            "interestIncome": "5459000000",
            "interestExpense": "4451000000",
            "nonInterestIncome": "7315000000",
            "otherNonOperatingIncome": "None",
            "depreciation": "None",
            "depreciationAndAmortization": "473000000",
            "incomeBeforeTax": "2416000000",
            "incomeTaxExpense": "539000000",
            "interestAndDebtExpense": "4451000000",
            "netIncomeFromContinuingOperations": "1877000000",
            "comprehensiveIncomeNetOfTax": "2208000000",
            "ebit": "6867000000",
            "ebitda": "7340000000",
            "netIncome": "1877000000"
        },
        {
            "fiscalDateEnding": "2019-06-30",
            "reportedCurrency": "USD",
            "grossProfit": "4671000000",
            "totalRevenue": "14150000000",
            "costOfRevenue": "6334000000",
            "costofGoodsAndServicesSold": "5512000000",
            "operatingIncome": "3260000000",
            "sellingGeneralAndAdministrative": "1012000000",
            "researchAndDevelopment": "None",
            "operatingExpenses": "1411000000",
            "investmentIncomeNet": "None",
            "netInterestIncome": "1071000000",
            "interestIncome": "5760000000",
            "interestExpense": "4689000000",
            "nonInterestIncome": "8390000000",
            "otherNonOperatingIncome": "None",
            "depreciation": "None",
            "depreciationAndAmortization": "399000000",
            "incomeBeforeTax": "3127000000",
            "incomeTaxExpense": "706000000",
            "interestAndDebtExpense": "4689000000",
            "netIncomeFromContinuingOperations": "2421000000",
            "comprehensiveIncomeNetOfTax": "2219000000",
            "ebit": "7816000000",
            "ebitda": "8215000000",
            "netIncome": "2421000000"
        },
        {
            "fiscalDateEnding": "2019-03-31",
            "reportedCurrency": "USD",
            "grossProfit": "4067000000",
            "totalRevenue": "13186000000",
            "costOfRevenue": "6088000000",
            "costofGoodsAndServicesSold": "1048000000",
            "operatingIncome": "2706000000",
            "sellingGeneralAndAdministrative": "993000000",
            "researchAndDevelopment": "None",
            "operatingExpenses": "1361000000",
            "investmentIncomeNet": "None",
            "netInterestIncome": "1218000000",
            "interestIncome": "5597000000",
            "interestExpense": "4379000000",
            "nonInterestIncome": "7589000000",
            "otherNonOperatingIncome": "None",
            "depreciation": "None",
            "depreciationAndAmortization": "368000000",
            "incomeBeforeTax": "2719000000",
            "incomeTaxExpense": "468000000",
            "interestAndDebtExpense": "4379000000",
            "netIncomeFromContinuingOperations": "2251000000",
            "comprehensiveIncomeNetOfTax": "945000000",
            "ebit": "7098000000",
            "ebitda": "7466000000",
            "netIncome": "2251000000"
        },
        {
            "fiscalDateEnding": "2018-12-31",
            "reportedCurrency": "USD",
            "grossProfit": "2872000000",
            "totalRevenue": "12557000000",
            "costOfRevenue": "6274000000",
            "costofGoodsAndServicesSold": "1092000000",
            "operatingIncome": "375000000",
            "sellingGeneralAndAdministrative": "1276000000",
            "researchAndDevelopment": "None",
            "operatingExpenses": "2497000000",
            "investmentIncomeNet": "None",
            "netInterestIncome": "991000000",
            "interestIncome": "5468000000",
            "interestExpense": "4477000000",
            "nonInterestIncome": "7089000000",
            "otherNonOperatingIncome": "None",
            "depreciation": "None",
            "depreciationAndAmortization": "377000000",
            "incomeBeforeTax": "2708000000",
            "incomeTaxExpense": "170000000",
            "interestAndDebtExpense": "4477000000",
            "netIncomeFromContinuingOperations": "2538000000",
            "comprehensiveIncomeNetOfTax": "5070000000",
            "ebit": "7185000000",
            "ebitda": "7562000000",
            "netIncome": "2538000000"
        },
        {
            "fiscalDateEnding": "2018-09-30",
            "reportedCurrency": "USD",
            "grossProfit": "4646000000",
            "totalRevenue": "13025000000",
            "costOfRevenue": "5568000000",
            "costofGoodsAndServicesSold": "964000000",
            "operatingIncome": "3399000000",
            "sellingGeneralAndAdministrative": "930000000",
            "researchAndDevelopment": "None",
            "operatingExpenses": "1247000000",
            "investmentIncomeNet": "None",
            "netInterestIncome": "856000000",
            "interestIncome": "5061000000",
            "interestExpense": "4205000000",
            "nonInterestIncome": "7964000000",
            "otherNonOperatingIncome": "None",
            "depreciation": "None",
            "depreciationAndAmortization": "317000000",
            "incomeBeforeTax": "3078000000",
            "incomeTaxExpense": "554000000",
            "interestAndDebtExpense": "4205000000",
            "netIncomeFromContinuingOperations": "2524000000",
            "comprehensiveIncomeNetOfTax": "1643000000",
            "ebit": "7283000000",
            "ebitda": "7600000000",
            "netIncome": "2524000000"
        },
        {
            "fiscalDateEnding": "2018-06-30",
            "reportedCurrency": "USD",
            "grossProfit": "4937000000",
            "totalRevenue": "13554000000",
            "costOfRevenue": "6126000000",
            "costofGoodsAndServicesSold": "1072000000",
            "operatingIncome": "3663000000",
            "sellingGeneralAndAdministrative": "939000000",
            "researchAndDevelopment": "None",
            "operatingExpenses": "1274000000",
            "investmentIncomeNet": "None",
            "netInterestIncome": "1002000000",
            "interestIncome": "4920000000",
            "interestExpense": "3918000000",
            "nonInterestIncome": "8634000000",
            "otherNonOperatingIncome": "None",
            "depreciation": "None",
            "depreciationAndAmortization": "335000000",
            "incomeBeforeTax": "3276000000",
            "incomeTaxExpense": "711000000",
            "interestAndDebtExpense": "3918000000",
            "netIncomeFromContinuingOperations": "2565000000",
            "comprehensiveIncomeNetOfTax": "3377000000",
            "ebit": "7194000000",
            "ebitda": "7529000000",
            "netIncome": "2565000000"
        },
        {
            "fiscalDateEnding": "2018-03-31",
            "reportedCurrency": "USD",
            "grossProfit": "4270000000",
            "totalRevenue": "13392000000",
            "costOfRevenue": "6560000000",
            "costofGoodsAndServicesSold": "6819000000",
            "operatingIncome": "-1077000000",
            "sellingGeneralAndAdministrative": "5048000000",
            "researchAndDevelopment": "None",
            "operatingExpenses": "5347000000",
            "investmentIncomeNet": "None",
            "netInterestIncome": "918000000",
            "interestIncome": "4230000000",
            "interestExpense": "3312000000",
            "nonInterestIncome": "9162000000",
            "otherNonOperatingIncome": "None",
            "depreciation": "None",
            "depreciationAndAmortization": "299000000",
            "incomeBeforeTax": "3419000000",
            "incomeTaxExpense": "587000000",
            "interestAndDebtExpense": "3312000000",
            "netIncomeFromContinuingOperations": "2832000000",
            "comprehensiveIncomeNetOfTax": "2942000000",
            "ebit": "6731000000",
            "ebitda": "7030000000",
            "netIncome": "2832000000"
        }
    ]
}